timestamp,timestamp_ms,bid_price_0,bid_volume_0,bid_price_1,bid_volume_1,bid_price_2,bid_volume_2,bid_price_3,bid_volume_3,bid_price_4,bid_volume_4,bid_price_5,bid_volume_5,bid_price_6,bid_volume_6,bid_price_7,bid_volume_7,bid_price_8,bid_volume_8,bid_price_9,bid_volume_9,bid_price_10,bid_volume_10,bid_price_11,bid_volume_11,bid_price_12,bid_volume_12,bid_price_13,bid_volume_13,bid_price_14,bid_volume_14,bid_price_15,bid_volume_15,bid_price_16,bid_volume_16,bid_price_17,bid_volume_17,bid_price_18,bid_volume_18,bid_price_19,bid_volume_19,ask_price_0,ask_volume_0,ask_price_1,ask_volume_1,ask_price_2,ask_volume_2,ask_price_3,ask_volume_3,ask_price_4,ask_volume_4,ask_price_5,ask_volume_5,ask_price_6,ask_volume_6,ask_price_7,ask_volume_7,ask_price_8,ask_volume_8,ask_price_9,ask_volume_9,ask_price_10,ask_volume_10,ask_price_11,ask_volume_11,ask_price_12,ask_volume_12,ask_price_13,ask_volume_13,ask_price_14,ask_volume_14,ask_price_15,ask_volume_15,ask_price_16,ask_volume_16,ask_price_17,ask_volume_17,ask_price_18,ask_volume_18,ask_price_19,ask_volume_19
2026-03-17 03:59:45.857616+00:00,1773719985857,74512.46,1.14535,74512.45,0.00016,74512.31,7e-05,74512.3,7e-05,74511.52,7e-05,74510.78,0.0031,74510.55,8e-05,74510.29,7e-05,74510.28,7e-05,74509.72,7e-05,74509.54,0.00023,74509.53,0.0503,74509.47,7e-05,74508.33,8e-05,74508.12,0.00023,74508.11,0.01096,74507.73,0.00016,74507.72,0.00976,74507.7,0.003,74507.64,8e-05,74512.47,2.21253,74512.48,0.00016,74513.04,0.00023,74513.05,0.80585,74514.71,0.00132,74514.86,0.00133,74515.09,0.00132,74515.76,0.002,74516.24,7e-05,74516.61,7e-05,74517.43,0.17116,74517.63,0.002,74518.14,0.03555,74518.15,1.34425,74518.56,1.81266,74518.57,0.00056,74518.6,0.00016,74519.5,0.002,74519.55,0.02173,74519.79,0.00014
2026-03-17 03:59:47.124572+00:00,1773719987124,74512.46,1.22024,74512.45,0.00064,74512.31,7e-05,74512.3,7e-05,74511.52,7e-05,74510.78,0.0031,74510.72,0.00023,74510.71,0.09628,74510.55,0.00015,74510.29,7e-05,74510.28,7e-05,74509.72,7e-05,74509.54,0.00089,74509.53,0.05029,74509.47,7e-05,74508.82,0.05008,74508.33,8e-05,74508.12,7e-05,74508.11,0.01088,74507.73,0.00043,74512.47,0.8343,74512.48,0.00016,74513.04,7e-05,74513.05,0.0003,74513.53,7e-05,74513.8,0.00016,74513.81,0.02133,74514.71,0.00132,74514.86,0.00133,74515.09,0.00132,74515.73,0.00016,74515.76,0.002,74515.9,7e-05,74516.24,7e-05,74516.61,7e-05,74517.42,0.00032,74517.43,0.17116,74517.63,0.002,74517.69,0.003,74518.13,0.0002
2026-03-17 03:59:48.392296+00:00,1773719988392,74512.46,1.31183,74512.45,0.00029,74512.3,7e-05,74511.52,7e-05,74511.45,0.05008,74511.3,7e-05,74510.78,0.0031,74510.71,0.09628,74510.55,0.00015,74510.28,7e-05,74510.14,0.01078,74509.72,7e-05,74509.54,0.00066,74509.53,0.05022,74509.47,7e-05,74508.82,0.05022,74508.33,8e-05,74508.28,0.002,74508.11,0.01088,74507.73,0.00043,74512.47,0.73778,74512.48,0.00016,74513.04,7e-05,74514.55,0.00137,74514.71,0.00132,74514.86,0.00066,74515.9,7e-05,74516.61,7e-05,74517.24,0.00023,74517.25,0.01082,74517.63,0.002,74517.69,0.003,74518.12,0.00016,74518.13,0.88613,74518.14,0.0003,74518.15,0.84759,74518.55,7e-05,74518.56,7e-05,74518.57,0.00056,74518.65,0.02171
2026-03-17 03:59:49.661964+00:00,1773719989661,74512.46,1.25023,74512.45,0.00057,74512.3,7e-05,74511.52,7e-05,74510.78,0.0031,74510.72,0.00016,74510.71,0.09628,74510.55,0.00015,74510.28,7e-05,74510.15,0.002,74509.8,0.05008,74509.72,7e-05,74509.54,0.00066,74509.53,0.05022,74509.47,7e-05,74509.01,0.44287,74508.82,0.05022,74508.33,8e-05,74508.28,0.002,74508.11,0.01088,74512.47,0.70512,74512.48,0.00016,74513.04,7e-05,74514.71,0.00066,74515.32,0.00023,74515.33,0.01086,74515.9,7e-05,74516.61,7e-05,74517.24,0.00023,74517.25,0.01082,74517.39,0.00137,74517.63,0.002,74517.69,0.003,74518.11,0.00016,74518.12,0.88593,74518.13,0.0002,74518.14,0.0003,74518.15,0.84766,74518.49,8e-05,74518.5,0.00016
2026-03-17 03:59:50.932499+00:00,1773719990932,74512.46,0.93891,74512.45,0.00057,74512.41,7e-05,74512.3,7e-05,74511.52,0.00045,74511.3,7e-05,74510.78,0.0031,74510.72,0.00023,74510.71,0.09628,74510.55,0.00152,74510.28,7e-05,74509.9,0.00491,74509.72,0.00082,74509.54,0.00073,74509.53,0.00014,74509.47,7e-05,74508.83,0.00023,74508.82,0.05015,74508.33,8e-05,74508.28,0.002,74512.47,1.12248,74512.48,0.00016,74513.04,7e-05,74514.71,0.00066,74515.09,0.00066,74515.32,0.00016,74515.33,0.01102,74515.76,0.002,74515.9,7e-05,74516.59,0.00016,74516.6,0.02177,74516.61,7e-05,74516.97,0.00016,74516.98,0.09682,74517.25,0.01082,74517.32,7e-05,74517.39,0.00137,74517.63,0.0834,74517.69,0.003,74518.11,0.07597
2026-03-17 03:59:52.202024+00:00,1773719992202,74502.02,0.09925,74502.01,0.00049,74502.0,0.0006,74501.82,8e-05,74501.69,0.0019,74501.05,0.06159,74500.96,0.0031,74500.86,0.00023,74500.69,0.01074,74500.55,0.00016,74500.0,0.0006,74499.84,0.00016,74498.91,8e-05,74498.76,7e-05,74498.65,0.05,74498.58,8e-05,74498.48,8e-05,74498.45,0.02156,74498.07,0.00218,74498.0,0.0006,74502.03,1.9582,74502.04,0.00016,74502.18,0.39912,74502.27,0.39958,74502.33,7e-05,74502.34,7e-05,74502.49,1.04654,74504.16,0.00028,74504.54,0.002,74505.03,0.19993,74505.12,0.09666,74505.9,7e-05,74506.41,0.002,74506.96,0.04,74506.97,0.17809,74507.12,0.00023,74507.34,0.3054,74507.73,0.00023,74508.12,0.00016,74508.28,0.00209
2026-03-17 03:59:53.473329+00:00,1773719993473,74487.84,0.88207,74487.83,0.00064,74487.63,7e-05,74487.42,8e-05,74487.27,8e-05,74486.63,0.00023,74486.62,0.05015,74486.0,0.0012,74485.96,7e-05,74485.51,0.00218,74484.8,0.00477,74484.56,7e-05,74484.48,7e-05,74484.36,8e-05,74484.0,0.0012,74483.97,0.002,74483.65,0.00023,74483.64,0.01352,74483.47,7e-05,74482.91,0.00023,74487.85,2.39857,74487.86,0.00016,74488.04,0.00295,74488.05,7e-05,74488.59,7e-05,74489.28,0.00016,74489.29,0.11399,74490.05,0.00137,74490.47,0.00066,74490.56,7e-05,74490.79,0.00016,74490.8,0.02192,74491.62,7e-05,74493.07,0.003,74493.27,0.02861,74493.32,0.002,74494.48,0.88593,74494.49,0.09703,74495.19,0.00207,74495.54,0.00132
2026-03-17 03:59:54.742312+00:00,1773719994742,74487.84,0.58015,74487.83,0.00078,74487.63,7e-05,74487.42,8e-05,74487.27,8e-05,74486.99,0.00023,74486.98,0.04238,74486.7,7e-05,74486.63,7e-05,74486.62,7e-05,74486.0,0.0012,74485.96,7e-05,74485.51,0.00218,74484.56,7e-05,74484.48,7e-05,74484.36,8e-05,74484.09,0.00023,74484.08,0.01106,74484.0,0.0012,74483.47,7e-05,74487.85,2.44183,74487.86,0.00016,74488.04,0.00295,74488.05,7e-05,74488.59,7e-05,74489.28,0.00016,74489.29,0.11406,74489.58,0.002,74489.67,7e-05,74489.79,0.00016,74489.8,0.09682,74490.05,0.00137,74490.47,0.00066,74490.79,0.00016,74490.8,0.02192,74491.45,0.002,74491.62,7e-05,74493.07,0.003,74493.27,0.03267,74493.32,0.00209
2026-03-17 03:59:56.013267+00:00,1773719996013,74487.84,0.62924,74487.83,0.00078,74487.63,7e-05,74487.42,8e-05,74487.27,8e-05,74486.99,0.00023,74486.98,0.04238,74486.7,7e-05,74486.63,7e-05,74486.62,7e-05,74486.0,0.0012,74485.96,7e-05,74485.51,0.00218,74484.56,7e-05,74484.48,7e-05,74484.36,8e-05,74484.09,0.00023,74484.08,0.01106,74484.0,0.0012,74483.47,7e-05,74487.85,2.49824,74487.86,0.00016,74488.04,0.00295,74488.05,7e-05,74488.59,7e-05,74488.72,0.00016,74488.73,0.01111,74488.93,7e-05,74489.28,0.00016,74489.29,0.11406,74489.58,0.002,74489.67,7e-05,74490.05,0.00137,74490.47,0.00066,74490.79,0.00016,74490.8,0.02192,74491.45,0.002,74491.62,7e-05,74491.74,0.00016,74491.75,0.09682
2026-03-17 03:59:57.281814+00:00,1773719997281,74487.84,0.70954,74487.83,0.00047,74487.71,0.002,74487.63,7e-05,74487.42,8e-05,74487.27,8e-05,74486.99,0.00016,74486.98,0.04238,74486.7,7e-05,74486.62,7e-05,74486.1,0.00016,74486.09,0.05015,74486.0,0.0012,74485.96,7e-05,74485.84,0.002,74485.51,0.00218,74485.39,0.00016,74484.56,7e-05,74484.48,7e-05,74484.36,8e-05,74487.85,0.97656,74487.86,0.00037,74488.04,0.00295,74488.05,7e-05,74488.59,7e-05,74488.93,7e-05,74489.28,0.00023,74489.29,0.11426,74489.67,7e-05,74490.6,0.00023,74490.61,0.01068,74490.82,0.00137,74491.62,7e-05,74493.07,0.003,74493.26,7e-05,74493.27,0.0219,74493.32,9e-05,74494.49,0.00021,74494.73,0.09666,74495.19,7e-05
2026-03-17 03:59:58.555697+00:00,1773719998555,74487.84,0.52642,74487.83,0.00073,74487.63,7e-05,74487.42,8e-05,74487.27,8e-05,74486.99,0.00023,74486.98,0.04238,74486.7,7e-05,74486.62,7e-05,74486.1,0.00023,74486.09,0.05008,74486.0,0.0012,74485.96,7e-05,74485.84,0.002,74485.51,0.00218,74484.56,7e-05,74484.48,7e-05,74484.36,8e-05,74484.09,0.00023,74484.08,0.01106,74487.85,1.53342,74487.86,0.0005,74488.04,0.00295,74488.05,7e-05,74488.59,7e-05,74489.28,0.00016,74489.29,0.11426,74489.67,7e-05,74490.13,0.00137,74490.6,0.00016,74490.61,0.01068,74491.36,0.00016,74491.37,0.02186,74491.62,7e-05,74492.69,0.00016,74492.7,0.09682,74493.07,0.003,74493.26,8e-05,74493.27,0.0219,74493.32,0.00209
2026-03-17 03:59:59.825276+00:00,1773719999825,74487.84,0.82522,74487.83,0.00082,74487.63,0.00016,74487.42,8e-05,74487.27,8e-05,74486.99,0.00023,74486.98,0.04238,74486.7,7e-05,74486.62,7e-05,74486.1,0.00023,74486.09,0.05008,74486.0,0.0012,74485.96,7e-05,74485.84,0.002,74485.51,0.00218,74484.56,7e-05,74484.48,7e-05,74484.36,8e-05,74484.09,0.00023,74484.08,0.01106,74487.85,1.66183,74487.86,0.0005,74488.04,0.00295,74488.05,7e-05,74488.59,7e-05,74489.28,0.00016,74489.29,0.11426,74489.67,7e-05,74490.13,0.00137,74490.6,0.00016,74490.61,0.01068,74491.36,0.00016,74491.37,0.02186,74491.62,7e-05,74492.7,0.09682,74493.07,0.003,74493.27,0.0219,74493.32,0.00209,74494.49,0.00021,74495.19,0.00207
2026-03-17 04:00:01.091488+00:00,1773720001091,74487.84,0.73509,74487.83,0.00071,74487.63,7e-05,74487.42,8e-05,74487.27,8e-05,74486.99,0.00023,74486.98,0.04238,74486.7,7e-05,74486.62,7e-05,74486.1,0.00023,74486.09,0.05008,74486.0,0.00174,74485.96,7e-05,74485.51,0.00333,74484.56,7e-05,74484.48,7e-05,74484.36,8e-05,74484.09,0.00023,74484.08,0.01106,74484.0,0.00149,74487.85,1.65122,74487.86,0.0005,74488.04,0.00295,74488.05,7e-05,74488.59,7e-05,74489.28,0.00016,74489.29,0.11426,74489.67,7e-05,74490.09,0.00066,74490.13,0.00137,74490.47,0.00066,74490.6,0.00016,74490.61,0.01068,74491.45,0.002,74491.62,7e-05,74491.82,0.09682,74493.07,0.003,74493.27,0.0219,74493.32,0.00209,74494.49,0.00021
2026-03-17 04:00:02.360945+00:00,1773720002360,74454.07,2.10997,74454.06,8e-05,74454.05,0.002,74454.0,0.0016,74453.94,8e-05,74453.44,7e-05,74453.11,0.00679,74452.98,7e-05,74452.42,7e-05,74452.35,0.00015,74452.18,0.002,74452.03,0.00011,74452.0,0.0016,74451.81,7e-05,74451.74,0.00016,74451.73,0.02008,74451.69,0.00207,74451.33,7e-05,74450.31,0.002,74450.01,7e-05,74454.08,0.53784,74454.09,0.00016,74454.56,0.00028,74455.92,7e-05,74459.23,0.00012,74459.3,0.003,74459.49,7e-05,74459.67,7e-05,74459.68,7e-05,74461.08,8e-05,74461.5,0.19664,74461.51,0.40285,74461.52,0.00181,74461.53,0.17116,74461.77,0.00066,74461.99,0.09682,74462.01,0.00035,74463.06,7e-05,74463.32,7e-05,74463.37,0.00014
2026-03-17 04:00:03.630428+00:00,1773720003630,74454.07,1.83806,74454.06,0.00017,74454.05,0.002,74454.0,0.0016,74453.94,8e-05,74453.44,7e-05,74453.11,0.00679,74452.98,7e-05,74452.42,7e-05,74452.35,0.00015,74452.18,0.002,74452.11,0.00014,74452.03,0.00011,74452.0,0.0016,74451.69,0.00207,74450.71,0.00016,74450.7,0.05015,74450.55,0.00016,74450.54,0.02948,74450.32,0.00679,74454.08,0.86727,74454.09,0.00016,74455.92,7e-05,74456.89,0.00014,74457.76,7e-05,74458.75,0.00023,74458.76,0.04117,74459.23,0.00012,74459.3,0.003,74459.49,7e-05,74460.15,0.00016,74460.16,0.09682,74461.08,8e-05,74461.24,0.00137,74461.47,0.00016,74461.48,0.39038,74461.49,0.48338,74461.5,0.00015,74461.51,0.40285,74461.52,7e-05
2026-03-17 04:00:04.898718+00:00,1773720004898,74461.07,1.60993,74461.06,8e-05,74460.41,0.00016,74460.4,0.14448,74460.01,0.00016,74460.0,0.44331,74459.87,7e-05,74459.66,0.002,74459.49,0.00014,74457.8,0.00671,74457.79,0.002,74457.36,0.00016,74457.35,0.05,74456.39,0.00028,74455.93,0.00671,74455.92,0.00216,74454.08,0.13826,74454.07,0.26166,74454.05,0.002,74454.0,0.0016,74461.08,0.7567,74461.09,0.00044,74461.24,0.00137,74462.01,7e-05,74462.98,0.00028,74463.06,7e-05,74463.73,7e-05,74463.99,8e-05,74464.08,0.0031,74464.31,7e-05,74464.49,7e-05,74464.52,0.003,74464.65,0.00023,74464.66,0.89691,74464.67,0.40285,74464.68,0.00023,74464.69,0.7503,74465.48,0.00597,74465.52,0.00011,74466.63,7e-05
2026-03-17 04:00:06.167234+00:00,1773720006167,74461.07,1.64106,74461.06,0.00098,74460.41,0.00016,74460.4,0.14448,74460.0,0.44338,74459.87,7e-05,74459.66,0.00265,74459.49,0.00014,74459.07,0.02192,74457.8,0.00679,74457.79,0.002,74457.77,7e-05,74457.35,0.05,74456.94,0.02115,74456.39,0.00079,74456.24,0.01078,74455.93,0.00671,74455.92,0.00216,74455.85,0.003,74455.59,0.09119,74461.08,0.57599,74461.09,0.00051,74461.24,0.00137,74462.01,7e-05,74463.06,7e-05,74463.99,8e-05,74464.08,0.0031,74464.31,7e-05,74464.47,7e-05,74464.48,0.00597,74464.49,7e-05,74464.65,0.00023,74464.66,0.2264,74464.67,7e-05,74464.68,0.00023,74464.69,0.7503,74465.52,0.00011,74466.63,7e-05,74466.66,0.00047,74466.9,8e-05
2026-03-17 04:00:07.434901+00:00,1773720007434,74461.07,1.57034,74461.06,0.00098,74460.41,0.00033,74460.4,0.14448,74460.0,0.44345,74459.87,7e-05,74459.82,0.05008,74459.66,0.00265,74459.49,0.00014,74459.07,0.02192,74458.2,0.00572,74457.8,0.00679,74457.79,0.002,74457.77,7e-05,74457.35,0.05008,74456.94,0.02123,74456.39,0.00079,74455.93,0.00671,74455.92,0.00216,74455.85,0.003,74461.08,0.44858,74461.09,0.00051,74461.24,0.00137,74462.01,7e-05,74463.06,7e-05,74463.99,8e-05,74464.08,0.0031,74464.29,7e-05,74464.3,0.00597,74464.31,7e-05,74464.49,7e-05,74464.63,0.00016,74464.64,0.4892,74464.65,0.886,74464.66,7e-05,74464.67,7e-05,74464.68,0.00023,74464.69,0.7503,74465.52,0.00011,74466.63,7e-05
2026-03-17 04:00:08.700170+00:00,1773720008700,74463.97,1.7574,74463.06,0.00097,74462.85,7e-05,74461.53,0.002,74461.08,0.0002,74461.07,0.11796,74461.06,0.00073,74460.4,0.14448,74460.0,0.00021,74459.82,0.05015,74459.66,0.00265,74459.49,0.00014,74459.07,0.02192,74458.2,0.00572,74458.02,0.09703,74457.8,0.00679,74457.79,0.002,74457.36,0.00679,74457.35,0.05,74456.94,0.02115,74463.98,0.57183,74463.99,0.00045,74464.07,7e-05,74464.08,0.0031,74464.31,7e-05,74464.49,7e-05,74464.63,0.00016,74464.64,0.44853,74464.65,7e-05,74464.66,7e-05,74464.67,7e-05,74464.68,0.00023,74464.69,1.5003,74465.52,0.00011,74465.78,0.0002,74466.63,7e-05,74466.66,0.00047,74466.71,7e-05,74466.9,8e-05,74467.97,0.00016
2026-03-17 04:00:09.968376+00:00,1773720009968,74464.68,1.869,74464.67,8e-05,74463.98,0.00016,74463.97,0.57708,74463.59,0.01153,74463.4,0.002,74463.06,7e-05,74462.85,7e-05,74461.53,0.002,74461.21,0.02155,74461.08,0.00036,74461.07,0.11125,74461.06,0.00073,74460.76,7e-05,74460.55,0.01352,74460.4,7e-05,74460.0,7e-05,74459.83,0.00679,74459.82,0.05021,74459.66,0.00265,74464.69,1.2399,74464.7,0.00072,74466.63,7e-05,74466.9,8e-05,74467.99,7e-05,74468.76,7e-05,74469.74,0.003,74469.81,8e-05,74470.2,7e-05,74470.68,8e-05,74470.81,0.00014,74470.88,9e-05,74470.9,0.00137,74471.51,0.003,74471.85,0.00023,74471.86,0.28223,74471.88,0.0002,74471.92,0.00147,74471.93,7e-05,74471.94,7e-05
2026-03-17 04:00:11.724968+00:00,1773720011724,74486.01,1.89648,74486.0,8e-05,74484.48,7e-05,74484.35,0.05015,74483.97,0.002,74483.79,0.00083,74483.12,7e-05,74483.04,7e-05,74482.59,0.01073,74482.25,0.14447,74482.1,0.002,74481.45,0.0626,74481.44,0.11308,74481.36,0.0097,74480.91,7e-05,74480.79,0.003,74480.65,0.00028,74480.6,0.00617,74480.23,0.002,74479.8,0.02178,74486.02,0.4643,74486.03,0.00079,74486.7,7e-05,74486.71,7e-05,74486.97,7e-05,74486.98,0.00023,74486.99,0.17546,74487.0,0.17523,74487.01,0.00023,74487.02,0.17523,74487.06,0.00016,74487.07,0.17523,74487.08,8e-05,74487.09,0.1753,74487.27,8e-05,74487.42,8e-05,74487.44,7e-05,74487.85,0.0365,74487.86,0.01355,74488.0,0.0006
2026-03-17 04:00:12.992034+00:00,1773720012992,74485.01,1.44496,74485.0,0.22707,74484.95,0.44302,74484.48,7e-05,74484.35,7e-05,74483.97,0.002,74483.79,0.00083,74483.72,7e-05,74483.04,7e-05,74482.25,0.08384,74482.1,0.002,74481.44,0.00021,74481.36,0.00978,74480.91,7e-05,74480.23,0.002,74480.16,8e-05,74479.7,0.00028,74479.26,0.09789,74479.25,0.06243,74479.24,0.05022,74485.02,0.0992,74485.03,0.00044,74486.0,0.00038,74486.01,0.00046,74486.02,0.01237,74486.03,7e-05,74486.69,7e-05,74486.71,7e-05,74486.99,7e-05,74487.0,7e-05,74487.02,7e-05,74487.07,7e-05,74487.09,0.00014,74487.27,8e-05,74487.42,8e-05,74487.44,7e-05,74487.84,0.00023,74487.85,0.03666,74487.86,0.01355,74488.0,0.0006
2026-03-17 04:00:14.260811+00:00,1773720014260,74491.23,1.66856,74491.22,8e-05,74491.03,0.00016,74491.02,0.1444,74490.43,7e-05,74489.99,0.44299,74489.58,0.002,74488.05,7e-05,74487.71,0.002,74487.59,7e-05,74487.02,0.00671,74487.01,7e-05,74486.01,0.06396,74485.84,0.00209,74485.47,0.00621,74485.03,0.08316,74485.01,0.01402,74485.0,0.22684,74484.48,7e-05,74484.36,8e-05,74491.24,0.88069,74491.25,0.00037,74491.62,7e-05,74491.97,0.00014,74492.0,0.0006,74493.0,8e-05,74493.09,8e-05,74493.32,9e-05,74494.0,0.0012,74494.03,7e-05,74494.34,0.00023,74494.35,0.11056,74494.36,0.36282,74495.19,7e-05,74496.0,0.00128,74496.09,0.00134,74496.39,7e-05,74496.46,0.003,74496.71,0.00028,74497.15,0.00014
2026-03-17 04:00:15.528291+00:00,1773720015528,74493.31,2.34132,74493.08,8e-05,74492.99,0.10993,74491.62,7e-05,74491.61,7e-05,74491.45,0.002,74491.23,0.22122,74491.02,0.1444,74490.43,7e-05,74490.1,0.01058,74489.99,8e-05,74489.68,7e-05,74489.58,0.002,74488.05,7e-05,74487.95,0.0139,74487.94,0.01058,74487.71,0.002,74487.59,7e-05,74487.17,0.00028,74487.07,0.02145,74493.32,0.2747,74493.33,0.00065,74493.54,7e-05,74494.0,0.0012,74494.03,7e-05,74494.34,7e-05,74494.35,0.00023,74494.36,0.36282,74495.19,7e-05,74495.95,0.00028,74496.0,0.00128,74496.39,7e-05,74496.46,0.003,74497.16,7e-05,74497.17,0.01072,74498.0,0.0012,74498.58,8e-05,74498.65,0.00016,74498.66,0.2899,74498.69,7e-05
2026-03-17 04:00:16.805161+00:00,1773720016805,74494.35,2.12308,74493.99,0.44296,74493.98,0.17785,74493.41,7e-05,74493.32,0.002,74493.31,0.16258,74492.67,7e-05,74492.19,0.0106,74491.62,7e-05,74491.61,7e-05,74491.45,0.002,74491.43,0.14433,74491.24,0.00026,74491.23,0.05208,74491.02,0.00014,74490.1,0.01058,74489.58,0.002,74489.1,0.02125,74488.51,7e-05,74488.45,0.11071,74494.36,0.65251,74494.37,0.00065,74495.19,7e-05,74496.0,0.00128,74496.39,7e-05,74498.0,0.0012,74498.01,7e-05,74498.28,0.00023,74498.29,0.01071,74498.58,8e-05,74498.76,7e-05,74498.91,8e-05,74499.06,8e-05,74499.12,0.00014,74499.51,0.00206,74499.75,0.0002,74499.98,0.00023,74499.99,0.40966,74500.0,0.8872,74500.02,0.00016
2026-03-17 04:00:18.074633+00:00,1773720018074,74505.99,1.73173,74505.98,0.44289,74505.9,7e-05,74505.77,0.05,74504.54,0.002,74503.91,0.01304,74503.2,0.01059,74502.86,0.00028,74502.67,0.002,74502.33,7e-05,74501.99,0.00014,74501.61,0.02102,74501.28,0.05,74500.8,0.002,74500.56,0.00645,74499.99,7e-05,74499.74,0.02169,74499.5,0.09082,74499.13,0.15625,74499.12,7e-05,74506.0,0.26381,74506.01,0.00051,74507.34,0.0004,74507.64,8e-05,74507.71,0.00023,74507.72,0.07812,74508.0,0.0016,74508.13,7e-05,74508.14,0.00016,74508.29,0.00016,74509.47,7e-05,74509.64,0.003,74509.74,8e-05,74510.0,0.0016,74510.55,8e-05,74510.6,0.0002,74510.9,0.00135,74511.0,0.00011,74511.88,0.00023,74511.89,0.29689
2026-03-17 04:00:19.344305+00:00,1773720019344,74507.71,0.32775,74506.08,7e-05,74506.03,0.00023,74506.01,0.00023,74506.0,0.0003,74505.99,0.01512,74505.9,7e-05,74505.78,0.00016,74503.99,7e-05,74503.91,0.00634,74503.48,0.01,74502.67,0.002,74502.33,7e-05,74501.99,0.00014,74501.82,8e-05,74501.29,8e-05,74500.8,0.00209,74500.56,0.00645,74500.26,0.00135,74499.99,7e-05,74507.72,1.74107,74507.73,0.00016,74508.0,0.0016,74508.29,0.00016,74509.47,7e-05,74509.64,0.003,74509.74,8e-05,74509.8,7e-05,74510.0,0.0016,74510.15,0.002,74510.55,8e-05,74510.6,0.0002,74511.0,0.00011,74511.43,7e-05,74511.89,0.29673,74511.9,7e-05,74512.0,0.0016,74512.02,0.002,74512.19,7e-05,74512.47,0.02911
2026-03-17 04:00:20.617282+00:00,1773720020617,74505.99,0.80744,74505.9,7e-05,74505.27,0.00023,74505.26,0.44296,74504.59,7e-05,74503.92,7e-05,74503.91,0.00634,74503.85,7e-05,74503.49,7e-05,74503.48,0.01,74502.33,7e-05,74501.99,7e-05,74501.82,8e-05,74501.24,0.00016,74501.23,0.05,74500.8,0.002,74500.7,0.05,74500.35,7e-05,74500.26,0.00135,74499.99,7e-05,74506.0,1.54585,74506.01,0.09875,74506.02,0.09763,74506.09,0.00014,74507.7,0.00016,74507.71,0.03572,74507.72,0.19181,74508.0,0.0016,74508.24,0.00066,74508.29,0.00016,74508.45,7e-05,74508.62,0.00066,74509.22,0.01112,74509.47,7e-05,74509.64,0.003,74509.74,8e-05,74510.0,0.0016,74510.15,0.002,74510.55,8e-05,74510.6,0.0002
2026-03-17 04:00:21.882819+00:00,1773720021882,74516.57,1.46909,74516.56,0.00023,74516.55,0.05,74516.51,0.00016,74516.5,0.05,74514.25,7e-05,74513.04,7e-05,74512.83,0.00028,74512.02,0.002,74510.55,8e-05,74510.15,0.002,74509.65,7e-05,74509.64,7e-05,74509.63,0.00029,74509.47,7e-05,74509.46,7e-05,74509.37,7e-05,74509.36,0.01344,74509.21,7e-05,74509.14,7e-05,74516.58,1.85334,74516.59,0.00072,74517.02,0.02231,74517.03,0.00016,74517.04,0.05709,74519.6,0.78496,74519.61,0.00016,74519.62,0.00032,74519.63,0.12261,74519.64,7e-05,74519.85,7e-05,74519.92,0.00016,74519.93,0.1713,74520.0,0.0016,74520.08,7e-05,74520.16,7e-05,74520.18,7e-05,74520.9,8e-05,74521.21,7e-05,74521.35,0.0002
2026-03-17 04:00:23.150741+00:00,1773720023150,74521.99,1.55347,74521.98,0.00016,74521.96,0.00016,74521.95,0.05023,74521.91,0.00016,74521.9,0.05016,74521.5,0.14463,74521.37,0.002,74520.99,7e-05,74520.18,7e-05,74520.11,0.05023,74519.5,0.002,74518.9,7e-05,74518.26,0.05016,74517.63,0.002,74516.77,0.003,74516.61,0.14161,74516.59,0.00022,74516.58,0.21816,74516.57,0.12914,74522.0,0.55282,74522.01,0.00065,74522.19,8e-05,74522.8,0.00137,74523.0,0.00023,74523.01,0.00925,74523.24,9e-05,74523.25,0.00309,74523.75,7e-05,74524.0,0.0016,74524.03,7e-05,74524.34,7e-05,74524.35,7e-05,74525.1,8e-05,74525.19,7e-05,74525.2,7e-05,74525.21,0.00407,74525.72,0.00206,74526.0,0.0016,74526.13,0.00016
2026-03-17 04:00:24.421934+00:00,1773720024421,74521.99,1.72493,74521.98,0.00016,74521.96,0.00016,74521.95,0.05023,74521.9,0.05016,74521.5,0.00014,74521.37,0.002,74521.16,0.00652,74520.99,7e-05,74520.75,0.01052,74520.18,7e-05,74520.11,0.05023,74519.5,0.002,74518.9,7e-05,74518.7,0.0214,74518.61,0.01102,74518.26,0.0503,74517.74,0.11575,74517.63,0.002,74516.77,0.003,74522.0,0.0865,74522.01,0.00065,74522.19,8e-05,74522.47,7e-05,74523.0,0.00023,74523.01,0.00925,74523.21,7e-05,74523.25,0.00309,74523.75,7e-05,74523.96,7e-05,74524.0,0.0016,74524.03,7e-05,74525.1,8e-05,74525.19,7e-05,74525.2,7e-05,74525.21,0.00407,74525.72,0.00206,74526.0,0.0016,74526.13,0.00023,74526.14,0.01081
2026-03-17 04:00:25.694138+00:00,1773720025694,74531.36,2.74468,74531.35,0.05046,74531.3,0.05,74530.89,7e-05,74530.72,0.002,74530.11,0.84334,74530.1,0.88593,74530.09,0.11101,74530.08,0.33498,74529.99,0.44298,74529.98,7e-05,74529.96,0.05016,74529.58,0.22523,74529.31,0.02184,74529.19,7e-05,74528.86,0.0067,74528.85,0.002,74527.99,0.0067,74527.98,0.0002,74527.97,0.12353,74531.37,0.98959,74531.38,0.001,74531.81,0.00407,74532.0,0.0016,74532.06,8e-05,74532.16,7e-05,74532.24,0.003,74533.11,0.00331,74533.79,7e-05,74533.83,8e-05,74534.0,0.0016,74534.46,0.00422,74535.56,0.00028,74535.79,0.00082,74535.88,7e-05,74536.0,0.0016,74536.19,7e-05,74536.2,0.00579,74536.23,0.0023,74536.48,0.00019
2026-03-17 04:00:26.962802+00:00,1773720026962,74549.99,1.43975,74549.98,0.00016,74549.42,0.002,74548.74,0.0003,74548.73,0.11465,74547.93,0.44264,74547.55,0.002,74547.03,0.00039,74547.02,0.37869,74547.0,7e-05,74546.96,0.00023,74546.95,0.0503,74546.65,0.00016,74546.64,0.00023,74545.68,0.002,74545.18,0.00016,74545.17,7e-05,74544.67,0.01016,74544.21,0.00016,74544.19,0.01062,74550.0,2.82926,74550.01,0.0003,74550.46,0.0002,74550.62,0.0011,74551.18,0.00761,74551.29,8e-05,74551.94,0.00206,74552.0,0.0016,74552.31,7e-05,74552.43,7e-05,74552.81,0.00134,74552.83,0.00309,74552.88,7e-05,74553.01,7e-05,74553.16,9e-05,74553.17,7e-05,74553.72,0.0067,74553.73,0.00013,74554.0,0.0016,74554.2,8e-05
2026-03-17 04:00:28.228976+00:00,1773720028228,74569.99,1.18667,74569.98,0.00016,74569.96,0.00023,74569.95,0.05023,74569.91,0.00023,74569.9,0.05023,74568.74,7e-05,74568.29,7e-05,74567.95,7e-05,74567.88,0.00016,74567.87,0.00016,74567.49,0.00014,74567.48,0.02019,74566.59,7e-05,74565.86,7e-05,74565.25,7e-05,74564.77,0.003,74563.43,0.00658,74563.19,0.01092,74563.02,7e-05,74570.0,1.38556,74570.01,0.00016,74570.16,0.00014,74570.82,0.00137,74571.12,0.00016,74571.27,0.00016,74571.28,0.1476,74571.29,0.48347,74571.42,0.00088,74571.44,7e-05,74571.66,8e-05,74571.92,8e-05,74572.0,0.0016,74572.24,0.00066,74572.55,0.00316,74572.6,7e-05,74572.62,0.00066,74572.76,0.00021,74573.72,0.00686,74573.73,0.00014
2026-03-17 04:00:29.497715+00:00,1773720029497,74569.99,0.5351,74569.98,0.0003,74569.96,0.00023,74569.95,0.05023,74569.91,0.00023,74569.9,0.0503,74568.74,7e-05,74568.29,7e-05,74567.63,0.00016,74567.62,0.44268,74567.49,0.00014,74567.48,0.02019,74566.6,7e-05,74566.59,7e-05,74565.86,7e-05,74565.25,7e-05,74564.77,0.003,74564.38,0.002,74563.43,0.00674,74563.19,0.01092,74570.0,1.40402,74570.01,0.00016,74570.16,7e-05,74571.12,0.00016,74571.27,0.00016,74571.28,0.15603,74571.29,0.48368,74571.42,0.00088,74571.44,7e-05,74571.66,0.00015,74571.92,8e-05,74572.0,0.0016,74572.24,0.00066,74572.55,0.00309,74572.6,7e-05,74572.62,0.00066,74572.76,0.00021,74573.72,0.00686,74573.73,7e-05,74573.74,0.02109
2026-03-17 04:00:30.766769+00:00,1773720030766,74569.99,0.53674,74569.98,0.00051,74569.96,0.00023,74569.95,0.05023,74569.91,0.00023,74569.9,0.0503,74568.74,7e-05,74568.29,7e-05,74567.63,0.00084,74567.62,0.44268,74567.49,0.00014,74567.48,0.02019,74567.07,0.01016,74566.6,0.00055,74566.59,7e-05,74565.86,7e-05,74565.25,7e-05,74564.77,0.003,74564.38,0.002,74563.43,0.00674,74570.0,1.3984,74570.01,0.00016,74570.16,7e-05,74571.12,0.00016,74571.27,0.00016,74571.28,0.15603,74571.29,0.48368,74571.42,0.00088,74571.44,7e-05,74571.66,0.00015,74571.72,0.01067,74571.92,8e-05,74572.0,0.0016,74572.24,0.00066,74572.55,0.00309,74572.6,7e-05,74572.62,0.00066,74572.76,0.00021,74573.72,0.00686,74573.73,7e-05
2026-03-17 04:00:32.032324+00:00,1773720032032,74553.16,0.63255,74553.15,0.00051,74553.08,7e-05,74553.07,0.00016,74552.91,0.00016,74552.82,0.00309,74552.79,0.44261,74552.32,0.00016,74552.31,7e-05,74552.16,0.00016,74552.12,7e-05,74552.06,0.00023,74551.93,0.00206,74551.7,7e-05,74551.29,8e-05,74551.18,0.00023,74551.17,0.21364,74551.16,7e-05,74550.0,0.00023,74549.99,0.21259,74553.17,3.33911,74553.18,0.00016,74555.03,0.002,74555.88,7e-05,74556.9,0.002,74558.0,2.56688,74558.07,0.886,74558.77,0.002,74559.08,0.0002,74559.09,0.00037,74559.45,7e-05,74559.48,0.00023,74559.52,0.00016,74559.53,0.0003,74559.56,0.18202,74560.01,1.35084,74560.02,2.41028,74560.03,0.00016,74560.57,7e-05,74560.58,0.10847
2026-03-17 04:00:33.298656+00:00,1773720033298,74542.5,0.26482,74542.49,0.001,74542.4,0.00412,74541.6,7e-05,74541.46,0.00023,74541.12,0.09654,74540.7,7e-05,74540.69,7e-05,74540.0,0.0006,74539.84,7e-05,74539.65,8e-05,74538.82,0.00206,74538.75,0.00091,74538.25,0.00135,74538.04,0.00023,74538.03,0.44284,74538.0,0.0006,74537.72,0.00014,74537.64,8e-05,74537.5,0.003,74542.51,4.09724,74542.52,0.00016,74543.81,0.002,74544.46,0.13132,74544.47,0.00036,74544.48,0.2682,74544.81,7e-05,74544.89,0.0003,74545.11,0.39313,74545.12,7e-05,74545.13,0.00066,74545.17,7e-05,74545.48,0.04052,74545.68,0.002,74546.0,0.02138,74546.19,0.0002,74546.2,0.00023,74546.72,0.00066,74547.02,0.886,74547.03,0.02565
2026-03-17 04:00:34.563712+00:00,1773720034563,74564.23,0.20368,74564.22,0.00079,74563.02,7e-05,74559.45,0.0004,74556.84,7e-05,74556.75,0.00011,74555.88,7e-05,74555.59,0.00032,74555.58,0.05007,74555.37,0.00016,74554.93,0.00014,74554.91,0.002,74554.83,0.01051,74554.78,0.00134,74553.3,0.00028,74553.18,0.00016,74553.17,0.03805,74553.16,0.09387,74552.83,0.01098,74552.52,0.00014,74564.24,2.85008,74564.38,0.002,74564.77,7e-05,74565.33,0.09837,74565.54,0.48315,74565.55,0.2038,74566.25,0.002,74566.53,0.40262,74566.54,0.0003,74566.59,7e-05,74566.6,0.86695,74566.86,0.00066,74567.07,0.02137,74568.12,0.00209,74568.82,0.00023,74569.83,0.00028,74569.99,0.002,74570.16,7e-05,74570.17,0.00023,74570.36,0.01075
2026-03-17 04:00:35.836026+00:00,1773720035836,74556.22,1.91273,74556.21,0.00016,74555.88,7e-05,74555.58,7e-05,74554.83,0.00412,74554.75,0.01072,74554.53,7e-05,74554.15,0.14457,74553.79,0.003,74553.2,0.00062,74553.16,0.00014,74553.13,0.00091,74552.85,0.05023,74552.83,0.01114,74552.82,0.00309,74552.65,0.02129,74552.36,0.00655,74552.31,7e-05,74551.93,0.00206,74551.29,0.002,74556.23,0.66342,74556.24,0.00016,74556.62,0.00014,74559.45,7e-05,74559.84,0.00028,74560.41,0.00023,74560.42,0.09677,74560.64,9e-05,74561.86,0.00023,74561.87,0.32261,74561.88,0.40285,74562.37,0.00023,74562.38,0.48338,74562.93,8e-05,74563.02,0.00015,74563.03,0.17523,74563.31,0.17523,74564.06,0.00011,74564.23,0.21516,74564.24,0.39528
2026-03-17 04:00:37.100489+00:00,1773720037100,74556.22,2.11382,74556.21,0.00016,74555.88,7e-05,74555.58,7e-05,74555.03,0.002,74554.83,0.00412,74554.75,0.01088,74554.53,7e-05,74554.15,0.00078,74553.79,0.003,74553.2,0.00062,74553.17,0.02662,74553.16,0.00207,74553.13,0.00091,74552.85,0.05037,74552.83,0.01114,74552.82,0.00309,74552.65,0.02145,74552.52,0.00028,74552.36,0.00655,74556.23,0.8171,74556.24,0.00037,74556.57,0.00023,74556.58,0.36245,74556.62,0.00014,74559.45,7e-05,74560.41,7e-05,74560.42,7e-05,74560.45,0.00016,74560.46,0.05016,74560.64,9e-05,74561.45,0.003,74561.86,7e-05,74561.87,0.00014,74561.88,7e-05,74562.1,0.00028,74562.2,0.00671,74562.37,7e-05,74562.38,7e-05,74562.93,8e-05
2026-03-17 04:00:38.370360+00:00,1773720038370,74551.93,0.06992,74551.92,0.00072,74550.0,0.0012,74548.74,7e-05,74548.71,7e-05,74548.57,0.003,74548.38,8e-05,74548.25,0.00013,74548.0,0.0006,74547.75,7e-05,74547.27,0.00023,74547.26,0.0967,74546.0,0.0006,74545.62,7e-05,74545.61,7e-05,74545.47,8e-05,74545.17,7e-05,74545.14,0.00028,74545.04,7e-05,74545.03,7e-05,74551.94,4.41999,74551.95,0.00016,74552.31,7e-05,74552.45,0.02198,74552.65,0.06036,74552.66,0.10877,74553.16,0.00209,74553.77,7e-05,74554.18,0.00066,74554.56,0.00066,74554.84,0.1021,74555.03,0.002,74555.59,7e-05,74555.88,7e-05,74556.22,0.95082,74556.23,0.7152,74556.55,0.88593,74556.56,0.18208,74556.57,0.175,74556.58,0.53743
2026-03-17 04:00:39.638135+00:00,1773720039638,74551.93,1.30761,74551.92,0.00016,74550.0,0.00127,74548.75,0.04549,74548.74,0.09813,74548.71,0.0503,74548.57,0.003,74548.38,8e-05,74548.25,0.00013,74548.0,0.0006,74547.75,7e-05,74547.55,0.002,74547.5,1.34876,74547.49,7e-05,74547.48,2.41044,74547.14,0.05,74546.6,7e-05,74546.59,0.00967,74546.12,7e-05,74546.11,0.01047,74551.94,1.12816,74551.95,0.00058,74552.31,7e-05,74552.66,7e-05,74553.46,0.00016,74553.47,0.00687,74553.77,7e-05,74553.9,0.00016,74553.91,0.00023,74554.84,7e-05,74555.59,7e-05,74555.81,0.00032,74555.82,0.36237,74555.88,7e-05,74556.21,0.00016,74556.22,0.21539,74556.23,0.22537,74556.55,8e-05,74556.56,0.18208,74556.57,0.175
2026-03-17 04:00:40.905618+00:00,1773720040905,74551.93,1.80943,74551.92,0.00033,74551.29,0.002,74550.8,7e-05,74550.0,0.00127,74549.88,0.00016,74549.87,7e-05,74549.42,0.002,74548.96,0.08882,74548.94,0.08884,74548.93,0.02016,74548.8,0.105,74548.74,0.00014,74548.71,0.05044,74548.57,0.003,74548.38,8e-05,74548.33,0.01112,74548.25,0.00013,74548.17,0.02681,74548.0,0.0506,74551.94,1.07312,74551.95,0.00058,74552.31,7e-05,74552.66,7e-05,74554.74,0.00028,74554.84,7e-05,74555.59,7e-05,74555.88,7e-05,74556.2,7e-05,74556.21,0.27721,74556.22,0.21546,74556.23,0.17537,74556.55,0.00023,74556.56,0.18224,74556.57,0.17524,74556.58,0.17523,74556.62,7e-05,74556.94,0.05,74558.99,0.00687,74559.39,0.00135
2026-03-17 04:00:42.172263+00:00,1773720042172,74551.93,1.16471,74551.92,0.00089,74551.29,0.00042,74551.1,0.00645,74550.8,7e-05,74550.39,0.00023,74550.38,0.0109,74550.0,0.00127,74548.74,0.00014,74548.72,0.00023,74548.71,0.0503,74548.57,0.003,74548.38,8e-05,74548.34,0.00023,74548.33,0.01112,74548.25,0.00013,74548.0,0.0006,74547.75,7e-05,74547.55,0.002,74546.6,0.00023,74551.94,2.01109,74551.95,0.00016,74552.31,7e-05,74552.6,0.00016,74552.61,0.02938,74552.62,0.0967,74552.66,7e-05,74553.77,7e-05,74554.38,0.00016,74554.39,0.00014,74554.74,0.00028,74554.84,7e-05,74555.59,7e-05,74555.88,7e-05,74556.18,0.00016,74556.19,0.54194,74556.2,0.40278,74556.21,8e-05,74556.22,0.17523,74556.23,0.17544
2026-03-17 04:00:43.441051+00:00,1773720043441,74544.47,1.52974,74544.46,0.00065,74544.38,0.00023,74544.37,0.0136,74544.14,7e-05,74544.0,0.0006,74543.81,0.002,74543.79,7e-05,74543.6,0.00016,74543.59,0.01061,74543.35,7e-05,74543.22,8e-05,74542.96,0.00309,74542.56,8e-05,74542.53,7e-05,74542.52,7e-05,74542.51,0.00023,74542.5,0.25426,74542.4,0.00412,74542.31,0.00041,74544.48,1.48118,74544.49,0.00023,74545.17,7e-05,74545.85,0.00016,74545.86,0.00687,74547.21,7e-05,74548.7,0.00016,74548.71,0.07483,74548.72,0.17544,74548.74,7e-05,74548.87,0.00016,74548.88,0.09677,74550.55,7e-05,74551.29,8e-05,74551.9,8e-05,74551.91,0.8246,74551.92,0.88593,74551.93,0.04016,74551.94,1.20113,74552.31,7e-05
2026-03-17 04:00:44.713055+00:00,1773720044713,74560.48,2.12679,74560.47,0.00016,74560.02,0.40262,74560.01,0.00016,74559.96,0.00407,74559.84,0.00014,74559.83,7e-05,74559.45,7e-05,74559.43,0.20858,74558.77,0.002,74557.97,0.48315,74557.96,0.00016,74557.65,7e-05,74556.9,0.002,74556.6,0.0002,74556.59,0.12098,74556.55,0.0503,74556.54,7e-05,74556.22,7e-05,74556.21,7e-05,74560.49,1.24067,74560.5,0.00037,74561.45,0.003,74562.69,0.00248,74562.93,8e-05,74563.02,7e-05,74563.54,7e-05,74564.99,8e-05,74565.05,0.00109,74565.54,8e-05,74565.84,8e-05,74566.59,7e-05,74566.84,0.00013,74567.27,0.00412,74567.49,7e-05,74567.93,0.00135,74567.94,0.00023,74567.95,0.1713,74568.12,9e-05,74568.36,0.00134
2026-03-17 04:00:45.982404+00:00,1773720045982,74560.48,0.73321,74560.47,0.00016,74559.96,0.00407,74559.86,0.00023,74559.85,0.44273,74559.84,7e-05,74559.45,7e-05,74559.44,7e-05,74559.43,0.00679,74559.0,7e-05,74558.26,7e-05,74556.6,0.00023,74556.59,0.09966,74556.56,0.00016,74556.55,0.05023,74555.88,7e-05,74555.65,7e-05,74555.26,0.003,74555.13,0.01062,74555.03,0.00215,74560.49,1.74894,74560.5,0.00016,74561.45,0.003,74561.96,0.02972,74561.97,0.09677,74562.51,0.002,74562.69,0.00248,74562.93,8e-05,74563.02,7e-05,74563.54,7e-05,74563.61,7e-05,74564.38,0.002,74564.4,7e-05,74564.99,8e-05,74565.05,0.00109,74565.54,8e-05,74565.84,8e-05,74566.25,0.002,74566.4,0.12904,74566.41,0.40292
2026-03-17 04:00:47.248788+00:00,1773720047248,74547.02,1.07832,74547.01,0.00051,74545.66,7e-05,74545.65,7e-05,74545.59,7e-05,74545.54,0.00023,74545.53,0.0967,74545.47,8e-05,74545.17,7e-05,74544.82,0.003,74544.49,7e-05,74544.48,7e-05,74544.47,7e-05,74544.24,7e-05,74544.0,0.0006,74543.81,0.002,74543.79,7e-05,74543.22,8e-05,74542.96,0.00309,74542.64,7e-05,74547.03,1.90161,74547.04,0.0003,74548.74,7e-05,74549.81,7e-05,74549.82,7e-05,74549.83,7e-05,74550.12,7e-05,74550.15,7e-05,74551.18,0.00028,74551.29,0.002,74551.3,0.00021,74551.56,0.00016,74551.57,0.40475,74551.58,0.0002,74551.59,7e-05,74551.93,0.00016,74552.25,0.003,74552.31,7e-05,74553.02,7e-05,74553.04,7e-05
2026-03-17 04:00:48.514320+00:00,1773720048514,74547.02,1.3384,74547.01,0.0003,74545.66,7e-05,74545.65,7e-05,74545.54,0.00023,74545.53,0.0967,74545.47,8e-05,74545.17,7e-05,74544.84,7e-05,74544.82,0.003,74544.49,7e-05,74544.48,7e-05,74544.47,7e-05,74544.0,0.0006,74543.81,0.002,74543.79,7e-05,74543.22,8e-05,74542.96,0.00309,74542.64,7e-05,74542.56,8e-05,74547.03,1.66801,74547.04,0.00023,74548.74,7e-05,74549.81,7e-05,74549.82,7e-05,74549.83,7e-05,74550.12,7e-05,74550.15,7e-05,74550.19,7e-05,74550.47,0.00016,74550.48,0.02988,74550.49,0.0967,74551.18,0.00028,74551.29,0.002,74551.3,0.00021,74551.56,0.00016,74551.57,0.40468,74551.58,0.0002,74551.59,7e-05,74551.71,0.00016
2026-03-17 04:00:49.780472+00:00,1773720049780,74547.02,1.40816,74547.01,0.00089,74545.68,0.002,74545.65,7e-05,74545.59,7e-05,74545.54,0.00016,74545.53,0.09684,74545.47,8e-05,74545.17,7e-05,74544.84,7e-05,74544.82,0.003,74544.6,0.00405,74544.49,7e-05,74544.48,7e-05,74544.47,7e-05,74544.0,0.0006,74543.81,0.002,74543.79,7e-05,74543.22,8e-05,74542.96,0.00309,74547.03,1.65442,74547.04,0.00016,74548.74,7e-05,74549.81,7e-05,74549.82,7e-05,74549.83,7e-05,74550.12,7e-05,74550.15,7e-05,74550.19,7e-05,74550.86,0.09654,74551.03,0.00028,74551.29,7e-05,74551.3,7e-05,74551.57,7e-05,74551.59,7e-05,74552.25,0.003,74552.31,7e-05,74553.02,7e-05,74553.04,7e-05,74553.15,7e-05
2026-03-17 04:00:51.046537+00:00,1773720051046,74547.02,1.27654,74547.01,0.0004,74545.68,0.00217,74545.65,7e-05,74545.59,7e-05,74545.54,0.00016,74545.53,0.09677,74545.47,8e-05,74545.17,7e-05,74544.84,7e-05,74544.82,0.003,74544.6,0.00405,74544.49,7e-05,74544.48,7e-05,74544.47,7e-05,74544.0,0.0006,74543.81,0.002,74543.79,7e-05,74543.22,0.00056,74542.96,0.00309,74547.03,1.59734,74547.04,0.0003,74548.74,7e-05,74549.81,7e-05,74549.82,7e-05,74549.83,7e-05,74550.12,7e-05,74550.15,7e-05,74550.19,7e-05,74550.84,0.00023,74550.85,0.02926,74550.86,0.0967,74551.03,0.00028,74551.29,7e-05,74551.3,7e-05,74551.57,7e-05,74551.59,7e-05,74552.25,0.003,74552.31,7e-05,74552.41,0.00407
2026-03-17 04:00:52.313883+00:00,1773720052313,74542.5,1.00041,74542.49,0.00086,74542.4,0.00412,74542.0,0.0012,74541.6,7e-05,74541.26,7e-05,74540.0,0.0012,74539.85,7e-05,74539.84,0.00014,74539.65,8e-05,74538.88,8e-05,74538.87,0.00028,74538.82,0.00206,74538.59,0.00023,74538.58,0.01069,74538.27,0.00023,74538.26,0.225,74538.2,9e-05,74538.03,7e-05,74538.0,0.0012,74542.51,2.35107,74542.52,0.00016,74544.87,0.00016,74544.88,0.0967,74545.17,7e-05,74545.54,0.00016,74545.55,0.10137,74545.68,0.002,74546.94,7e-05,74547.0,0.17456,74547.01,0.48338,74547.02,7e-05,74547.03,0.09861,74547.14,0.0002,74547.55,0.002,74548.38,8e-05,74548.73,0.00579,74548.74,7e-05,74549.0,0.11161,74549.26,0.30232
2026-03-17 04:00:53.580454+00:00,1773720053580,74542.5,0.59587,74542.49,0.00045,74542.41,0.00023,74542.4,0.44679,74542.0,0.0012,74541.86,7e-05,74541.6,7e-05,74541.26,7e-05,74540.0,0.0012,74539.85,7e-05,74539.84,0.00014,74539.77,7e-05,74539.65,8e-05,74538.88,8e-05,74538.82,0.00206,74538.27,0.00023,74538.26,0.22516,74538.03,7e-05,74538.0,0.0012,74537.73,0.00028,74542.51,2.36301,74542.52,0.00016,74542.55,0.05,74542.6,0.05,74543.03,0.00016,74543.04,0.00016,74543.81,0.002,74545.16,0.00686,74545.17,7e-05,74545.54,0.00016,74545.55,0.1013,74545.68,0.09854,74546.94,7e-05,74546.99,0.00016,74547.0,0.17472,74547.01,0.48338,74547.02,0.00015,74547.03,0.09836,74547.14,0.0002,74547.55,0.002
2026-03-17 04:00:54.849620+00:00,1773720054849,74542.5,1.39702,74542.49,0.00033,74542.41,0.13457,74542.4,0.44695,74542.0,0.0012,74541.94,0.002,74541.6,7e-05,74541.26,7e-05,74540.07,0.002,74540.0,0.0012,74539.85,7e-05,74539.84,0.00014,74539.77,7e-05,74539.65,8e-05,74538.88,8e-05,74538.82,0.00206,74538.27,0.07224,74538.26,0.22544,74538.2,0.00209,74538.03,7e-05,74542.51,1.05659,74542.52,0.00037,74542.54,0.00023,74542.55,0.05023,74542.59,0.00023,74542.6,0.05023,74543.34,7e-05,74544.99,0.00023,74545.0,1.39816,74545.17,7e-05,74545.54,0.00023,74545.55,0.10116,74545.6,0.00016,74547.01,7e-05,74547.02,0.00015,74547.03,0.09836,74547.14,0.0002,74547.74,7e-05,74548.38,8e-05,74548.73,0.00579
2026-03-17 04:00:56.117682+00:00,1773720056117,74542.5,1.76011,74542.49,0.00016,74542.42,7e-05,74542.41,0.00014,74542.4,0.00412,74542.0,0.0012,74541.94,0.002,74541.6,7e-05,74541.26,7e-05,74540.3,7e-05,74540.29,0.01063,74540.07,0.002,74540.0,0.0012,74539.85,7e-05,74539.84,0.00014,74539.77,7e-05,74539.65,8e-05,74538.88,8e-05,74538.82,0.00206,74538.3,7e-05,74542.51,1.3243,74542.52,0.00051,74542.54,0.00016,74542.55,0.05023,74542.59,0.00016,74542.6,0.05023,74543.34,7e-05,74544.99,0.00016,74545.0,1.39816,74545.17,7e-05,74545.55,7e-05,74545.6,0.00016,74545.72,7e-05,74547.01,7e-05,74547.02,0.00016,74547.03,0.09829,74547.74,7e-05,74548.38,8e-05,74548.73,0.00579,74548.74,7e-05
2026-03-17 04:00:57.386295+00:00,1773720057386,74542.5,1.93073,74542.49,0.00034,74542.41,7e-05,74542.4,0.00412,74542.03,0.09041,74542.0,0.0012,74541.94,0.002,74541.6,7e-05,74541.26,7e-05,74540.43,0.26833,74540.42,0.05016,74540.38,0.00691,74540.29,0.01063,74540.07,0.002,74540.0,0.00138,74539.85,7e-05,74539.84,0.00014,74539.77,7e-05,74539.65,8e-05,74539.54,0.00967,74542.51,1.25746,74542.52,0.00037,74542.54,0.00023,74542.55,0.05023,74542.59,0.00023,74542.6,0.05023,74543.34,7e-05,74544.99,0.00023,74545.0,1.39816,74545.17,7e-05,74545.55,7e-05,74545.6,0.00016,74545.72,7e-05,74547.01,7e-05,74547.02,7e-05,74547.03,0.00022,74547.74,7e-05,74548.38,8e-05,74548.73,0.00579,74548.74,7e-05
2026-03-17 04:00:58.653905+00:00,1773720058653,74542.5,1.75378,74542.49,0.00034,74542.4,0.00429,74542.0,0.0012,74541.94,0.002,74541.6,7e-05,74541.26,7e-05,74540.5,0.13509,74540.49,0.26843,74540.45,0.02215,74540.43,7e-05,74540.42,0.05037,74540.38,0.00691,74540.37,7e-05,74540.29,0.01063,74540.07,0.002,74540.0,0.00138,74539.85,7e-05,74539.84,0.00014,74539.65,8e-05,74542.51,1.10723,74542.52,0.00051,74542.54,0.00023,74542.55,0.05023,74542.59,0.00023,74542.6,0.0503,74543.34,7e-05,74544.99,0.00023,74545.0,1.39816,74545.17,7e-05,74545.55,7e-05,74545.6,0.00016,74545.72,7e-05,74547.01,7e-05,74547.02,7e-05,74547.03,7e-05,74547.74,7e-05,74548.38,8e-05,74548.73,0.00579,74548.74,7e-05
2026-03-17 04:00:59.925259+00:00,1773720059925,74542.49,0.64657,74542.48,0.00072,74542.4,0.00412,74542.0,0.0012,74541.6,7e-05,74541.26,7e-05,74540.39,0.00023,74540.38,0.00691,74540.37,7e-05,74540.0,0.00138,74539.92,0.00023,74539.91,0.01104,74539.85,7e-05,74539.84,0.00014,74539.65,8e-05,74539.55,0.00023,74539.54,0.00967,74538.88,8e-05,74538.82,0.00206,74538.27,0.00023,74542.5,2.76657,74542.51,0.88992,74542.54,0.00016,74542.55,0.05023,74542.6,0.00014,74544.98,0.00016,74544.99,0.41793,74545.0,1.39816,74545.17,7e-05,74545.6,0.00016,74545.72,7e-05,74547.03,7e-05,74547.45,0.0002,74547.55,0.002,74547.74,7e-05,74547.98,0.04791,74547.99,0.0967,74548.38,8e-05,74548.73,0.00579,74548.74,7e-05
2026-03-17 04:01:01.191238+00:00,1773720061191,74542.49,1.31916,74542.48,0.00124,74542.4,0.00412,74542.0,0.0012,74541.6,7e-05,74541.26,7e-05,74540.64,0.00014,74540.39,7e-05,74540.38,0.00691,74540.37,7e-05,74540.07,0.002,74540.0,0.00138,74539.92,7e-05,74539.91,0.01104,74539.85,7e-05,74539.84,0.00014,74539.65,8e-05,74539.55,7e-05,74539.54,0.00967,74538.92,0.26843,74542.5,1.17184,74542.51,0.86321,74542.54,0.00016,74542.55,0.0503,74542.6,0.00014,74544.98,0.00016,74544.99,0.41853,74545.0,1.39816,74545.17,7e-05,74545.6,0.00016,74545.72,7e-05,74547.03,7e-05,74547.45,0.0002,74547.55,0.002,74547.74,7e-05,74547.98,0.05119,74548.38,8e-05,74548.73,0.00579,74548.74,7e-05,74549.42,0.002
2026-03-17 04:01:02.459879+00:00,1773720062459,74538.9,0.87514,74538.89,0.00058,74538.82,0.00206,74538.27,0.00039,74538.26,0.22537,74538.2,0.00209,74538.13,7e-05,74538.03,7e-05,74538.0,0.0012,74537.64,8e-05,74537.58,7e-05,74537.57,0.01078,74537.47,0.00023,74537.46,0.0215,74537.39,7e-05,74537.36,0.00135,74536.74,8e-05,74536.33,0.002,74536.0,0.0012,74535.89,7e-05,74538.91,1.31377,74538.92,0.00037,74538.94,0.00016,74538.95,0.05023,74538.99,0.00016,74539.0,0.05016,74541.6,7e-05,74542.49,0.00016,74542.5,0.33148,74542.51,0.86367,74542.55,7e-05,74542.6,0.00014,74542.84,0.00028,74543.78,7e-05,74544.13,0.003,74544.99,0.48371,74545.0,1.39816,74545.17,7e-05,74545.47,8e-05,74545.6,0.00016
2026-03-17 04:01:03.730039+00:00,1773720063730,74538.9,2.08878,74538.89,0.00016,74538.82,0.00206,74538.44,0.00705,74538.27,0.07861,74538.26,0.22558,74538.2,0.00209,74538.13,7e-05,74538.03,7e-05,74538.0,0.0012,74537.64,8e-05,74537.57,0.01078,74537.46,0.0215,74537.39,7e-05,74537.36,0.00135,74536.74,8e-05,74536.33,0.002,74536.0,0.0012,74535.89,7e-05,74535.59,0.05016,74538.91,0.08287,74538.92,0.00051,74538.94,0.00023,74538.95,0.05023,74538.99,0.00023,74539.0,0.05016,74539.61,7e-05,74539.99,0.00016,74540.0,1.39816,74541.25,7e-05,74541.6,7e-05,74542.49,7e-05,74542.5,0.00705,74542.51,0.86291,74542.55,7e-05,74542.6,7e-05,74542.84,0.00028,74543.78,7e-05,74544.13,0.003,74545.17,7e-05
2026-03-17 04:01:04.996166+00:00,1773720064996,74564.37,0.0107,74563.22,0.12902,74563.01,0.10647,74562.5,0.21778,74560.49,0.0002,74560.48,0.35771,74559.95,0.21266,74559.93,0.22029,74559.71,0.00763,74559.45,7e-05,74558.76,0.21266,74558.2,0.0935,74557.78,0.0017,74557.77,0.20924,74557.62,0.48315,74556.9,0.002,74556.89,0.01099,74556.63,0.02,74556.53,1.32229,74556.52,0.00014,74564.38,0.20269,74564.61,0.0929,74564.62,0.34506,74565.05,0.00109,74565.53,0.00016,74565.54,8e-05,74565.84,8e-05,74565.94,0.00016,74566.0,0.00016,74566.25,0.002,74566.59,7e-05,74566.62,8e-05,74566.69,8e-05,74567.49,7e-05,74567.94,7e-05,74567.95,0.17107,74568.0,0.0006,74568.08,7e-05,74568.12,0.00209,74568.36,0.00134
2026-03-17 04:01:06.267282+00:00,1773720066267,74547.03,1.33864,74547.02,0.00016,74546.23,7e-05,74546.22,0.0136,74545.68,0.00209,74545.44,0.03718,74545.17,7e-05,74545.02,0.00135,74544.27,0.003,74543.81,0.10776,74543.79,7e-05,74543.39,0.00041,74543.22,8e-05,74543.02,0.38076,74543.01,0.00016,74543.0,0.88593,74542.99,0.00023,74542.98,0.00014,74542.97,7e-05,74542.56,8e-05,74547.04,0.58158,74547.05,0.00023,74548.27,7e-05,74548.74,7e-05,74549.46,0.00014,74550.15,0.00066,74552.31,7e-05,74552.47,0.00023,74552.48,0.05155,74552.49,0.17123,74553.3,0.00028,74554.2,8e-05,74554.46,0.00407,74555.88,7e-05,74556.34,0.00014,74556.48,0.00011,74556.9,0.002,74558.09,0.00016,74558.1,0.02973,74558.11,0.09677
2026-03-17 04:01:07.535765+00:00,1773720067535,74547.03,0.69238,74547.02,0.00016,74547.01,0.00023,74547.0,0.05023,74546.96,0.00023,74546.95,0.05016,74546.68,0.00023,74546.67,0.02198,74546.23,0.0003,74546.22,0.0136,74545.68,0.002,74545.59,7e-05,74545.17,7e-05,74545.06,7e-05,74545.05,0.00666,74545.02,0.00135,74544.84,7e-05,74544.27,0.003,74543.81,0.002,74543.79,7e-05,74547.04,1.28167,74547.05,0.00016,74548.27,7e-05,74548.74,7e-05,74549.46,7e-05,74552.0,0.00016,74552.01,0.32058,74552.02,0.48306,74552.26,0.003,74552.31,7e-05,74552.49,0.00014,74552.84,0.00016,74552.85,0.36248,74553.3,0.00028,74553.85,7e-05,74554.2,8e-05,74554.46,0.00407,74555.03,0.002,74555.17,0.00016,74555.18,0.09677
2026-03-17 04:01:08.806015+00:00,1773720068806,74551.1,1.29952,74551.09,0.00016,74549.42,0.002,74549.31,7e-05,74548.74,7e-05,74547.55,0.00223,74547.05,0.27176,74547.03,0.61914,74547.0,7e-05,74546.95,7e-05,74546.67,0.02198,74546.48,0.02016,74546.23,7e-05,74546.22,0.0136,74545.69,0.00686,74545.68,0.002,74545.4,0.00028,74545.18,0.00686,74545.17,7e-05,74545.05,0.0065,74551.11,1.31327,74551.12,0.0003,74551.91,0.0025,74551.92,0.00023,74551.93,0.36233,74552.26,0.003,74552.31,7e-05,74552.49,0.00014,74552.85,7e-05,74553.31,0.00028,74554.2,8e-05,74554.46,0.00407,74555.64,7e-05,74555.88,7e-05,74555.89,0.00411,74556.05,7e-05,74556.34,0.00014,74556.48,0.00011,74556.9,0.002,74557.11,8e-05
2026-03-17 04:01:10.078030+00:00,1773720070078,74554.45,1.97882,74554.19,0.00023,74553.36,0.8553,74553.35,0.7918,74553.24,0.00028,74553.16,0.002,74552.48,0.00304,74552.31,7e-05,74552.26,0.00324,74552.25,0.00945,74552.2,0.0003,74552.13,0.00016,74551.92,7e-05,74551.81,0.01097,74551.29,0.002,74551.1,0.00209,74550.8,7e-05,74549.95,0.0067,74549.94,0.01077,74549.89,0.05,74554.46,0.25345,74554.47,0.00051,74554.66,7e-05,74555.64,7e-05,74555.88,7e-05,74555.89,0.00411,74556.05,7e-05,74556.48,0.00011,74557.11,8e-05,74557.48,0.003,74558.11,7e-05,74559.42,7e-05,74559.43,0.00016,74559.45,7e-05,74559.59,7e-05,74559.72,0.171,74559.92,0.00023,74559.93,0.04023,74559.94,0.00052,74559.96,8e-05
2026-03-17 04:01:11.351480+00:00,1773720071351,74560.49,2.12999,74560.48,0.00016,74560.46,0.06775,74560.45,0.05016,74560.4,0.05016,74559.85,0.00407,74559.83,0.01046,74559.75,0.00063,74559.59,0.02146,74559.45,7e-05,74558.82,0.05016,74558.77,0.002,74557.65,7e-05,74557.22,0.01104,74556.91,0.00686,74556.9,0.002,74555.88,0.01375,74555.8,7e-05,74555.65,7e-05,74555.27,0.00355,74560.5,0.38171,74560.51,0.00058,74560.63,0.00023,74560.64,0.17523,74560.96,7e-05,74561.46,0.00023,74561.47,0.17523,74561.55,0.00023,74561.56,0.17523,74561.99,0.00016,74562.0,0.17531,74562.01,0.04016,74562.03,0.17523,74562.93,8e-05,74563.02,0.04023,74563.23,0.00299,74563.54,7e-05,74564.37,7e-05,74564.38,0.31395,74564.62,0.20957
2026-03-17 04:01:12.620956+00:00,1773720072620,74561.46,0.41625,74561.45,0.00016,74560.65,0.00023,74560.64,0.44301,74560.63,0.00014,74560.5,7e-05,74560.49,0.01083,74559.75,0.00063,74559.45,7e-05,74557.22,0.01104,74557.0,7e-05,74555.88,0.00022,74555.72,0.00016,74555.71,0.02147,74555.65,7e-05,74555.27,0.00355,74554.84,0.00975,74554.2,8e-05,74554.01,0.00135,74553.16,0.00209,74561.47,1.26727,74561.48,0.00016,74561.55,0.00016,74561.56,0.1753,74561.98,0.00016,74561.99,0.2799,74562.0,0.17539,74562.01,0.04016,74562.02,8e-05,74562.03,0.17537,74562.51,0.002,74562.52,0.00407,74562.93,8e-05,74563.02,0.04023,74563.23,0.00299,74563.54,7e-05,74563.55,0.48304,74563.79,0.0067,74563.8,7e-05,74563.96,0.0002
2026-03-17 04:01:13.888734+00:00,1773720073888,74551.1,0.79587,74551.09,0.00079,74550.45,0.00023,74550.44,0.01073,74549.27,0.00011,74548.88,7e-05,74548.87,0.00016,74548.8,8e-05,74548.74,0.00062,74548.38,8e-05,74547.83,0.00023,74547.82,0.02162,74547.75,7e-05,74547.08,7e-05,74547.07,7e-05,74547.04,0.00023,74547.03,0.33968,74546.87,8e-05,74545.95,0.00028,74545.59,0.00016,74551.11,2.90665,74551.3,0.00016,74552.31,7e-05,74553.64,0.10365,74554.1,0.00066,74554.19,0.54579,74554.2,0.89247,74554.21,0.1311,74554.22,0.00066,74554.43,0.00016,74554.44,0.00153,74554.45,0.15449,74555.03,0.002,74555.07,0.01094,74555.68,7e-05,74555.85,0.0002,74555.88,7e-05,74556.27,0.00023,74556.9,0.002,74557.08,0.02095
2026-03-17 04:01:15.154481+00:00,1773720075154,74551.1,1.08538,74551.09,0.00072,74551.06,0.00016,74551.05,0.05023,74550.45,0.00016,74550.44,0.01089,74550.06,7e-05,74549.27,0.00011,74548.8,8e-05,74548.74,0.00062,74548.73,0.00689,74548.38,8e-05,74547.82,0.02178,74547.75,7e-05,74547.63,0.0002,74547.55,0.002,74547.08,7e-05,74547.07,7e-05,74547.04,0.23108,74547.03,0.3427,74551.11,1.23896,74551.12,0.0003,74552.31,7e-05,74553.63,7e-05,74553.64,7e-05,74554.18,7e-05,74554.19,0.00014,74554.2,7e-05,74554.21,0.00014,74554.43,0.00016,74554.44,0.04657,74554.45,0.15463,74554.66,7e-05,74555.46,0.00016,74555.47,0.00016,74555.88,7e-05,74556.87,7e-05,74556.9,0.002,74557.11,8e-05,74557.43,0.00016
2026-03-17 04:01:16.421939+00:00,1773720076421,74551.1,0.13835,74551.09,0.00058,74551.06,0.00023,74551.05,0.05023,74550.45,0.00023,74550.44,0.01089,74550.06,7e-05,74548.8,8e-05,74548.74,0.00062,74548.38,8e-05,74547.83,0.00023,74547.82,0.02178,74547.75,7e-05,74547.63,0.0002,74547.55,0.002,74547.08,7e-05,74547.07,0.00142,74547.04,0.00023,74547.03,0.3427,74546.87,8e-05,74551.11,1.77216,74551.12,0.00016,74551.77,0.00016,74551.78,0.0111,74552.28,7e-05,74552.31,7e-05,74552.91,0.00016,74552.92,0.06981,74553.03,7e-05,74553.79,0.00016,74553.99,0.00016,74554.0,0.02168,74554.21,7e-05,74554.44,0.00016,74554.45,0.1547,74554.66,7e-05,74555.03,0.002,74555.47,8e-05,74555.48,0.09654,74555.88,7e-05
2026-03-17 04:01:17.689705+00:00,1773720077689,74551.09,0.7771,74551.08,0.00058,74551.06,7e-05,74551.05,7e-05,74551.01,0.00016,74551.0,0.05016,74550.45,0.00023,74550.44,0.01089,74550.06,7e-05,74548.8,8e-05,74548.74,0.00062,74548.38,8e-05,74547.83,0.00023,74547.82,0.02178,74547.75,7e-05,74547.55,0.002,74547.08,7e-05,74547.07,7e-05,74547.05,0.00016,74547.04,0.10438,74551.1,2.08276,74551.11,0.25081,74552.28,0.00016,74552.29,0.21306,74552.31,7e-05,74553.03,7e-05,74554.2,0.00686,74554.21,7e-05,74554.28,0.00016,74554.29,0.09654,74554.44,0.00016,74554.45,0.15456,74554.66,7e-05,74554.7,0.00016,74554.71,0.48309,74555.03,0.002,74555.04,0.01072,74555.79,0.0002,74555.88,7e-05,74556.9,0.002
2026-03-17 04:01:18.955752+00:00,1773720078955,74551.09,0.9671,74551.08,0.00076,74551.07,0.00016,74551.06,0.03845,74551.05,0.05023,74551.01,0.00016,74551.0,0.05016,74550.45,0.00023,74550.44,0.01089,74550.06,7e-05,74550.0,0.00687,74549.31,7e-05,74548.8,8e-05,74548.74,0.00062,74548.38,8e-05,74547.83,0.00023,74547.82,0.02178,74547.75,7e-05,74547.55,0.002,74547.08,7e-05,74551.1,1.7526,74551.11,0.21602,74552.31,7e-05,74552.51,0.00316,74553.03,7e-05,74554.21,7e-05,74554.43,0.00016,74554.44,0.19454,74554.45,0.15456,74554.66,7e-05,74554.7,0.00016,74554.71,0.48316,74555.03,0.002,74555.04,0.01072,74555.79,0.0002,74555.88,7e-05,74556.33,0.00016,74556.34,0.0967,74556.9,0.002,74557.11,8e-05
2026-03-17 04:01:20.223328+00:00,1773720080223,74551.08,0.1813,74551.07,0.00072,74551.06,0.00023,74551.05,0.0503,74551.01,0.00016,74551.0,0.05016,74550.45,0.00023,74550.44,0.01089,74550.06,7e-05,74550.0,0.00687,74549.31,7e-05,74548.8,8e-05,74548.74,0.00062,74548.38,8e-05,74547.83,0.00023,74547.82,0.02178,74547.75,7e-05,74547.08,7e-05,74547.07,0.00142,74547.04,0.00015,74551.09,3.37798,74551.1,0.08213,74551.11,0.21558,74551.29,0.002,74552.31,7e-05,74552.51,0.00316,74553.03,7e-05,74553.16,0.002,74554.21,7e-05,74554.41,0.00016,74554.42,0.19457,74554.44,0.00016,74554.45,0.15456,74554.66,7e-05,74554.7,8e-05,74554.71,0.48323,74555.03,0.002,74555.04,0.01072,74555.79,0.0002,74555.88,7e-05
2026-03-17 04:01:21.492435+00:00,1773720081492,74551.08,0.65011,74551.07,0.0009,74551.06,0.00023,74551.05,0.0503,74551.01,0.00016,74551.0,0.05016,74550.45,0.00023,74550.44,0.01089,74550.06,7e-05,74550.0,0.00687,74549.31,7e-05,74548.8,8e-05,74548.74,0.00062,74548.38,8e-05,74547.83,0.00023,74547.82,0.02178,74547.75,7e-05,74547.08,7e-05,74547.07,0.00142,74547.05,8e-05,74551.09,2.6368,74551.1,0.04576,74551.11,0.21572,74552.31,7e-05,74552.33,0.30637,74552.34,0.48302,74552.51,0.00316,74552.97,0.00016,74552.98,0.36231,74553.03,7e-05,74553.16,0.002,74554.2,0.00686,74554.21,7e-05,74554.45,0.1547,74554.62,0.0967,74554.66,7e-05,74555.03,0.002,74555.04,0.01056,74555.51,0.01072,74555.79,0.0002
2026-03-17 04:01:22.759023+00:00,1773720082759,74551.08,0.94902,74551.07,0.00083,74551.06,0.0004,74551.05,0.0503,74551.01,0.00016,74551.0,0.05016,74550.45,0.00023,74550.44,0.01089,74550.06,7e-05,74550.0,0.00687,74549.31,7e-05,74548.8,8e-05,74548.74,0.00062,74548.38,8e-05,74547.83,0.00023,74547.82,0.02178,74547.75,7e-05,74547.55,0.002,74547.08,7e-05,74547.07,0.00142,74551.09,1.93054,74551.1,0.04343,74551.11,0.21572,74552.31,7e-05,74552.32,0.00016,74552.33,0.30372,74552.34,0.48302,74552.51,0.00316,74552.97,0.00016,74552.98,0.36231,74553.03,7e-05,74554.2,0.0002,74554.21,7e-05,74554.45,0.15456,74554.66,7e-05,74555.03,0.002,74555.04,0.01072,74555.78,0.03682,74555.79,0.09674,74555.88,7e-05
2026-03-17 04:01:24.026186+00:00,1773720084026,74547.03,1.14132,74547.02,0.00051,74546.33,7e-05,74546.11,0.00135,74545.47,8e-05,74545.17,7e-05,74545.0,0.0002,74544.27,0.003,74544.24,7e-05,74543.79,7e-05,74543.39,0.00424,74543.22,8e-05,74542.58,7e-05,74542.56,8e-05,74542.51,0.00053,74542.5,0.02818,74542.21,0.00085,74541.94,0.002,74541.79,0.00011,74541.6,7e-05,74547.04,2.0202,74547.05,0.00016,74548.74,7e-05,74549.42,0.002,74549.46,0.00016,74549.47,0.09677,74550.36,0.00016,74550.37,0.00016,74550.45,0.00016,74550.46,0.24532,74550.47,0.0003,74550.63,0.0067,74550.65,0.0003,74551.07,0.00016,74551.08,0.114,74551.09,0.44378,74551.1,0.04544,74551.11,0.21556,74551.29,0.002,74552.31,7e-05
2026-03-17 04:03:22.531002+00:00,1773720202531,74523.32,0.01269,74523.31,0.00072,74522.74,0.00016,74522.19,8e-05,74522.0,0.0016,74520.9,8e-05,74520.88,7e-05,74520.87,0.00021,74520.32,7e-05,74520.18,7e-05,74520.09,0.00014,74520.08,0.00016,74520.0,0.0016,74519.52,0.00028,74519.51,0.001,74519.35,0.00011,74519.34,0.003,74519.28,8e-05,74519.19,0.00011,74518.71,0.00309,74523.33,4.93458,74523.34,0.00016,74523.75,7e-05,74525.11,0.002,74525.99,1.13972,74526.0,3.44997,74526.01,0.34623,74526.98,0.002,74527.32,7e-05,74527.82,0.04031,74527.83,0.1753,74528.01,7e-05,74528.17,0.0002,74528.18,7e-05,74528.32,0.00028,74528.33,7e-05,74528.55,0.003,74528.59,0.32285,74528.6,0.31489,74528.85,0.002
2026-03-17 04:03:23.797382+00:00,1773720203797,74508.51,1.79547,74508.5,0.001,74508.28,9e-05,74508.0,0.0016,74507.88,0.00023,74507.87,0.02141,74507.76,7e-05,74507.75,0.00023,74507.74,0.44304,74507.67,0.003,74507.64,8e-05,74507.06,0.00016,74506.78,0.00023,74506.77,0.07392,74506.23,0.00013,74506.01,0.00024,74506.0,1.01313,74505.99,0.00156,74505.9,7e-05,74505.8,0.00133,74508.52,1.54833,74508.53,0.00016,74508.87,7e-05,74509.3,0.02683,74509.31,0.09664,74509.47,7e-05,74509.98,0.00384,74510.14,0.00552,74510.15,0.00752,74511.43,7e-05,74511.93,0.00016,74512.02,0.002,74512.21,0.00644,74513.04,7e-05,74513.74,0.003,74513.89,0.002,74514.72,7e-05,74515.51,0.00028,74515.56,0.06621,74515.76,0.00209
2026-03-17 04:03:25.062119+00:00,1773720205062,74486.97,0.18172,74486.16,0.00013,74486.0,0.0016,74484.67,0.00028,74484.56,7e-05,74484.48,7e-05,74484.36,8e-05,74484.26,0.00074,74484.01,0.00014,74484.0,0.0016,74483.79,0.00076,74483.0,0.001,74482.72,0.00048,74482.0,0.0016,74481.84,8e-05,74481.45,8e-05,74480.91,7e-05,74480.61,7e-05,74480.3,0.00413,74480.2,7e-05,74486.98,2.4605,74486.99,0.11396,74487.28,0.27297,74487.43,0.07512,74487.71,0.002,74487.72,0.27297,74488.03,0.68346,74488.04,0.22591,74488.05,7e-05,74488.11,0.2203,74488.52,0.10354,74488.98,0.58234,74489.06,0.58234,74489.08,0.00274,74489.58,0.002,74489.91,2.72299,74489.92,0.11966,74490.37,0.05767,74491.45,0.002,74491.62,0.02684
2026-03-17 04:03:26.328340+00:00,1773720206328,74480.8,0.04535,74480.79,0.00072,74480.3,0.00413,74480.01,0.00023,74480.0,0.00886,74479.19,0.00309,74478.97,0.00067,74478.54,0.00015,74478.42,7e-05,74478.41,7e-05,74478.0,0.0016,74477.34,7e-05,74477.13,7e-05,74477.12,0.00016,74476.65,0.00015,74476.62,0.00014,74476.58,0.00135,74476.26,8e-05,74476.0,0.0016,74475.88,0.00206,74480.81,1.71134,74480.82,0.00016,74480.91,7e-05,74480.92,7e-05,74481.46,7e-05,74481.85,7e-05,74481.91,0.06105,74481.92,0.09664,74482.1,0.002,74482.22,7e-05,74482.73,7e-05,74482.99,7e-05,74483.01,7e-05,74483.21,0.00028,74483.79,7e-05,74483.97,0.002,74484.0,7e-05,74484.01,7e-05,74484.17,0.11116,74484.29,0.0002
2026-03-17 04:03:27.604192+00:00,1773720207604,74475.88,0.21127,74475.87,0.00072,74475.78,0.00016,74475.63,8e-05,74475.58,0.003,74475.13,7e-05,74475.12,0.00627,74474.0,0.0016,74473.77,7e-05,74472.72,0.00015,74472.13,0.00023,74472.12,0.01081,74472.0,0.0016,74471.26,7e-05,74470.68,8e-05,74470.2,7e-05,74470.0,0.0016,74469.96,0.00023,74469.95,0.02121,74469.81,8e-05,74475.89,3.78066,74476.01,0.00016,74476.49,0.002,74477.34,7e-05,74477.99,0.62605,74478.0,0.09816,74478.01,0.07196,74478.26,0.16686,74478.36,0.00209,74478.55,7e-05,74478.97,7e-05,74478.98,1.77848,74479.19,0.0002,74479.2,7e-05,74479.24,7e-05,74480.0,0.04905,74480.01,7e-05,74480.23,0.002,74480.31,7e-05,74480.43,7e-05
2026-03-17 04:03:28.868628+00:00,1773720208868,74468.02,0.44146,74468.01,0.00086,74468.0,0.0016,74467.91,7e-05,74467.85,0.00413,74467.01,0.00026,74466.9,8e-05,74466.63,7e-05,74466.0,0.0016,74465.1,8e-05,74464.68,0.00364,74464.16,0.00028,74464.0,0.0016,74463.99,8e-05,74463.73,0.00037,74463.06,7e-05,74462.85,8e-05,74462.7,0.00206,74462.36,0.003,74462.32,7e-05,74468.03,3.09025,74468.04,0.00016,74468.28,0.0414,74468.29,7e-05,74468.8,7e-05,74468.87,0.63326,74468.88,0.11406,74468.89,7e-05,74469.01,0.002,74469.4,1.99717,74469.82,7e-05,74469.99,7e-05,74470.0,7e-05,74470.01,0.00647,74470.2,7e-05,74470.88,0.00209,74471.18,7e-05,74471.22,0.02198,74471.52,0.0002,74471.53,0.00014
2026-03-17 04:03:30.138990+00:00,1773720210138,74456.83,1.12082,74456.82,0.00022,74455.92,0.00016,74455.91,7e-05,74455.75,7e-05,74454.58,7e-05,74454.57,0.12,74454.12,0.00133,74454.08,0.00066,74452.35,7e-05,74452.01,0.00016,74452.0,0.24794,74451.99,0.18185,74451.37,0.00016,74451.36,8e-05,74451.34,7e-05,74451.33,7e-05,74450.31,0.002,74449.78,0.00028,74449.68,8e-05,74456.84,1.26971,74456.85,0.00016,74458.17,8e-05,74458.37,7e-05,74458.58,0.00137,74458.98,0.09648,74459.49,7e-05,74459.52,8e-05,74459.66,0.002,74461.29,0.00014,74461.43,0.02953,74461.53,0.002,74461.57,7e-05,74461.58,7e-05,74461.77,7e-05,74462.03,0.05,74462.27,7e-05,74462.44,0.05,74462.64,0.00134,74463.06,7e-05
2026-03-17 04:03:31.406230+00:00,1773720211406,74456.83,1.17613,74456.82,0.00057,74456.06,7e-05,74456.05,7e-05,74455.93,7e-05,74455.92,0.00016,74455.91,7e-05,74455.75,7e-05,74454.59,0.00023,74454.58,0.0317,74454.12,0.00066,74453.33,0.00016,74453.32,0.44328,74452.35,7e-05,74452.01,7e-05,74452.0,0.00023,74451.99,0.08326,74451.61,0.003,74451.34,7e-05,74451.33,7e-05,74456.84,1.33971,74456.85,0.00016,74457.36,0.00016,74457.37,0.1127,74457.38,0.09664,74457.79,0.002,74458.16,0.00682,74458.17,8e-05,74458.37,7e-05,74458.52,0.00967,74458.58,0.00137,74458.98,0.00014,74459.22,0.00016,74459.23,0.16686,74459.4,0.0031,74459.49,7e-05,74459.52,8e-05,74459.66,0.002,74460.35,0.00016,74460.36,0.03872
2026-03-17 04:03:32.671293+00:00,1773720212671,74456.83,0.41767,74456.82,0.00081,74456.06,7e-05,74456.05,7e-05,74455.93,7e-05,74455.92,7e-05,74455.91,7e-05,74455.75,7e-05,74454.59,0.00023,74454.58,0.01067,74452.35,7e-05,74452.01,7e-05,74452.0,0.00023,74451.99,0.08326,74451.61,0.003,74451.34,7e-05,74451.33,7e-05,74449.75,0.00028,74449.44,8e-05,74449.39,0.00135,74456.84,1.7829,74456.85,0.00016,74457.37,1.14197,74457.62,7e-05,74457.79,0.002,74458.16,0.00682,74458.17,8e-05,74458.37,7e-05,74458.52,0.00967,74458.58,0.00137,74458.98,0.00014,74459.18,3.10256,74459.19,0.05016,74459.22,0.40302,74459.23,0.16693,74459.4,0.0031,74459.49,7e-05,74459.52,8e-05,74459.66,0.002,74460.67,0.0002
2026-03-17 04:03:33.937101+00:00,1773720213937,74456.83,0.93877,74456.82,0.00103,74456.06,7e-05,74456.05,7e-05,74455.93,7e-05,74455.92,7e-05,74455.91,7e-05,74455.75,7e-05,74454.59,0.00023,74454.58,0.01067,74452.35,7e-05,74452.01,7e-05,74452.0,0.00023,74451.99,0.02211,74451.61,0.003,74451.45,0.00016,74451.44,0.44329,74451.34,7e-05,74451.33,7e-05,74449.53,0.00028,74456.84,1.59583,74456.85,0.00016,74457.37,1.08858,74457.62,7e-05,74457.79,0.002,74458.16,0.00682,74458.17,8e-05,74458.37,7e-05,74458.52,0.00967,74458.58,0.00137,74458.98,0.00014,74459.16,2.61913,74459.17,0.88645,74459.19,0.05016,74459.23,0.16686,74459.4,0.0031,74459.49,7e-05,74459.52,8e-05,74459.66,0.002,74460.67,0.0002
2026-03-17 04:03:35.202471+00:00,1773720215202,74456.83,0.09938,74456.82,0.00089,74456.06,0.00024,74456.05,7e-05,74455.93,7e-05,74455.92,7e-05,74455.91,7e-05,74455.75,7e-05,74454.59,7e-05,74454.58,7e-05,74454.13,0.00016,74454.12,0.01067,74452.35,7e-05,74452.01,7e-05,74452.0,0.00023,74451.99,0.02204,74451.61,0.003,74451.34,7e-05,74451.33,7e-05,74449.53,0.00028,74456.84,1.83049,74456.85,0.00016,74457.36,0.11744,74457.37,1.08858,74457.62,7e-05,74457.79,0.002,74458.16,0.00682,74458.17,8e-05,74458.37,7e-05,74458.52,0.00967,74458.58,0.00137,74458.98,0.00014,74459.16,2.61913,74459.17,0.88645,74459.19,0.05016,74459.23,0.16693,74459.25,0.01207,74459.26,0.10601,74459.4,0.0031,74459.49,7e-05
2026-03-17 04:03:36.471137+00:00,1773720216471,74451.99,0.09909,74451.98,0.00064,74451.61,0.003,74451.34,7e-05,74451.33,7e-05,74449.44,8e-05,74448.8,7e-05,74448.79,8e-05,74448.78,0.00037,74448.77,0.116,74448.62,0.00023,74448.61,8e-05,74447.91,0.00016,74447.9,0.05539,74447.48,0.00014,74447.05,0.00407,74446.84,0.00016,74446.83,1.00008,74446.53,8e-05,74446.39,0.003,74452.0,4.0569,74452.01,0.00016,74452.18,0.002,74452.35,1.41447,74452.36,0.35825,74454.05,0.002,74454.12,0.04,74454.13,0.00023,74454.59,1.16304,74454.6,0.21523,74455.92,0.88845,74455.93,0.17523,74456.29,0.00028,74456.83,0.04,74456.84,0.66109,74457.36,0.00016,74457.37,0.00023,74457.62,7e-05,74457.79,0.002,74458.16,0.00666
2026-03-17 04:03:37.735880+00:00,1773720217735,74451.99,0.09482,74451.98,0.00071,74451.61,0.003,74451.34,7e-05,74451.33,7e-05,74449.44,8e-05,74448.78,0.00037,74448.77,0.11593,74447.05,0.00407,74446.84,0.00023,74446.83,1.00008,74446.53,8e-05,74446.39,0.003,74445.66,7e-05,74445.21,7e-05,74444.97,0.00014,74444.76,7e-05,74444.55,0.00034,74444.54,0.17115,74444.17,0.05773,74452.0,4.63897,74452.01,0.00016,74452.18,0.002,74452.33,1.31595,74452.34,2.61913,74452.35,0.88672,74452.36,0.31839,74454.0,0.11499,74454.05,0.002,74454.58,0.54117,74454.6,0.0403,74455.92,0.88861,74455.93,0.17507,74456.29,0.00028,74456.54,0.0407,74456.83,0.04,74456.84,0.45753,74457.79,0.002,74458.16,0.00666,74458.17,8e-05
2026-03-17 04:03:39.000445+00:00,1773720219000,74447.05,0.38367,74447.04,0.00071,74446.84,0.00023,74446.83,1.00008,74446.53,8e-05,74446.39,0.003,74445.66,7e-05,74445.21,7e-05,74444.55,7e-05,74444.54,7e-05,74443.64,7e-05,74443.63,8e-05,74443.62,8e-05,74443.28,0.00023,74443.27,0.39971,74442.94,0.00413,74442.78,8e-05,74442.34,0.00028,74442.16,0.00011,74442.13,0.00014,74447.06,2.78026,74447.07,0.00016,74448.34,0.34983,74448.35,0.48366,74448.44,0.00209,74448.48,0.40302,74448.68,7e-05,74448.77,0.11412,74448.78,0.38973,74449.45,7e-05,74450.31,0.00207,74450.8,0.16686,74451.31,1.10166,74451.32,2.61913,74451.46,0.05,74451.99,0.02104,74452.0,0.10014,74452.18,0.002,74452.28,0.003,74452.35,0.88656
2026-03-17 04:03:40.269417+00:00,1773720220269,74447.05,1.45884,74447.04,0.00067,74446.84,0.00023,74446.83,1.00008,74446.53,8e-05,74446.39,0.003,74446.31,0.00016,74446.3,0.4434,74445.67,0.00667,74445.66,7e-05,74445.21,7e-05,74444.7,0.002,74444.54,7e-05,74444.39,0.00133,74444.34,0.00066,74444.18,8e-05,74443.62,8e-05,74443.29,7e-05,74443.28,0.00016,74443.27,0.39978,74447.06,1.04184,74447.07,0.00016,74447.43,0.00023,74447.44,0.0078,74448.68,7e-05,74448.78,0.00021,74449.12,0.08073,74449.45,7e-05,74450.03,7e-05,74450.04,0.00527,74450.31,7e-05,74450.78,0.00023,74450.79,0.00032,74450.8,0.167,74451.02,0.09666,74451.3,0.00016,74451.31,0.07792,74451.47,0.00016,74451.99,7e-05,74452.0,0.00014
2026-03-17 04:03:41.532992+00:00,1773720221532,74471.99,3.18294,74470.88,0.002,74470.67,0.51723,74470.66,0.44338,74470.34,0.88644,74470.33,0.16081,74470.2,7e-05,74470.19,0.19356,74469.69,0.03107,74469.62,7e-05,74469.6,0.02138,74469.33,0.00066,74469.01,0.002,74469.0,7e-05,74468.03,0.0907,74468.02,0.26837,74467.67,0.0213,74467.5,0.01049,74467.14,0.002,74466.88,0.00028,74472.0,0.20396,74472.01,0.00023,74472.72,8e-05,74473.1,0.00011,74473.77,7e-05,74474.0,0.0006,74475.24,0.00466,74475.29,0.00028,74475.63,8e-05,74475.65,7e-05,74475.87,0.00206,74476.0,0.0006,74476.26,8e-05,74476.67,7e-05,74476.78,0.00407,74477.25,0.00016,74477.26,0.04315,74477.27,0.0003,74477.34,7e-05,74477.37,0.00023
2026-03-17 04:03:42.799639+00:00,1773720222799,74491.37,1.8377,74491.36,8e-05,74491.31,0.00016,74491.3,0.01083,74490.18,0.00024,74490.17,0.09662,74490.11,0.00016,74490.1,0.02196,74489.59,0.00671,74489.58,0.002,74488.17,0.00663,74488.16,0.00016,74488.15,0.02135,74488.05,7e-05,74487.71,0.002,74487.52,0.01008,74487.01,8e-05,74487.0,0.07722,74486.98,0.11404,74486.97,0.1083,74491.38,1.09836,74491.39,0.0003,74491.49,0.0001,74491.62,7e-05,74492.0,0.0016,74492.44,7e-05,74492.66,7e-05,74492.74,0.00413,74493.0,8e-05,74493.03,0.003,74493.09,8e-05,74494.0,0.0016,74494.34,0.00013,74495.19,7e-05,74495.53,0.00028,74496.0,0.00168,74496.39,7e-05,74497.34,0.00021,74497.35,0.00926,74497.57,0.00294
2026-03-17 04:03:44.068164+00:00,1773720224068,74491.37,2.04241,74491.36,8e-05,74491.31,0.00016,74491.3,0.01083,74490.19,0.00016,74490.18,0.04413,74490.17,0.09662,74490.11,0.00016,74490.1,0.02204,74488.16,8e-05,74488.15,0.02135,74488.05,7e-05,74487.71,0.002,74487.52,0.01008,74486.99,0.07698,74486.98,0.11404,74486.97,0.10808,74486.82,0.02,74486.18,0.01341,74486.15,0.003,74491.38,0.58485,74491.39,0.0003,74491.49,0.0001,74491.62,7e-05,74491.66,0.00137,74492.0,0.0016,74492.44,7e-05,74492.66,7e-05,74492.74,0.00413,74493.0,8e-05,74493.03,0.003,74493.09,8e-05,74493.4,7e-05,74494.0,0.0016,74495.03,7e-05,74495.19,7e-05,74495.98,0.00028,74496.0,0.00168,74496.39,7e-05,74496.51,0.00023
2026-03-17 04:03:45.340505+00:00,1773720225340,74491.37,0.03577,74491.36,8e-05,74488.05,7e-05,74486.78,7e-05,74486.43,7e-05,74486.42,0.00074,74486.15,0.003,74485.55,0.00023,74485.54,0.01057,74484.5,7e-05,74484.49,8e-05,74484.48,7e-05,74484.36,0.00035,74483.97,0.002,74483.94,0.00142,74483.48,0.00016,74483.47,0.02168,74482.89,0.00016,74482.88,0.03782,74482.68,0.00028,74491.38,1.53278,74491.39,0.00016,74491.45,0.002,74491.49,0.0001,74491.62,7e-05,74491.66,0.00137,74492.0,0.0016,74492.44,7e-05,74492.66,7e-05,74492.74,0.00413,74493.0,8e-05,74493.03,0.003,74493.09,8e-05,74493.21,0.00209,74493.32,0.00209,74493.4,7e-05,74494.0,0.0016,74495.01,0.12862,74495.02,0.06489,74495.03,0.11819
2026-03-17 04:03:46.609593+00:00,1773720226609,74491.37,0.73628,74491.36,0.00015,74488.05,7e-05,74486.43,7e-05,74486.42,0.00117,74486.15,0.003,74485.0,0.00023,74484.99,0.01075,74484.48,0.00106,74484.36,0.00035,74483.97,0.002,74483.94,0.00135,74482.9,0.06505,74482.89,0.13278,74482.88,0.03789,74482.74,0.02149,74482.68,0.00028,74482.5,7e-05,74482.1,0.002,74482.07,0.00014,74491.38,1.38664,74491.39,0.00016,74491.49,0.0001,74491.62,7e-05,74491.66,0.00137,74492.0,0.0016,74492.44,7e-05,74492.66,7e-05,74492.74,0.00413,74492.96,0.00016,74492.97,0.01474,74492.98,0.02913,74493.0,8e-05,74493.03,0.003,74493.09,8e-05,74493.32,0.00209,74493.4,7e-05,74494.0,0.0016,74494.9,0.00016,74494.91,0.01082
2026-03-17 04:03:47.876534+00:00,1773720227876,74499.33,0.00959,74499.32,0.00064,74498.93,7e-05,74498.89,7e-05,74498.82,0.00014,74498.76,7e-05,74497.92,7e-05,74497.91,8e-05,74497.34,7e-05,74497.33,7e-05,74496.86,7e-05,74496.85,8e-05,74496.53,7e-05,74495.61,7e-05,74495.6,8e-05,74495.19,7e-05,74493.83,0.00016,74492.99,7e-05,74492.98,0.00015,74492.97,0.00015,74499.34,1.95652,74499.35,0.00016,74499.66,7e-05,74499.97,7e-05,74499.98,7e-05,74500.0,0.0016,74500.34,7e-05,74500.68,0.0002,74500.8,9e-05,74500.87,7e-05,74500.96,7e-05,74501.02,7e-05,74501.03,0.00016,74501.04,7e-05,74501.2,7e-05,74501.21,0.00014,74501.81,0.003,74501.82,8e-05,74501.85,0.05,74502.0,0.0016
2026-03-17 04:03:49.142446+00:00,1773720229142,74491.37,0.27035,74491.36,0.00071,74490.57,7e-05,74490.56,7e-05,74490.42,0.00023,74490.41,0.44306,74489.68,7e-05,74489.08,7e-05,74489.07,0.00309,74488.77,7e-05,74488.76,0.01096,74488.05,7e-05,74487.42,8e-05,74486.42,0.00117,74486.23,0.00016,74486.22,0.02118,74486.15,0.003,74485.84,9e-05,74485.1,0.00379,74484.56,0.00126,74491.38,3.83172,74491.39,0.00016,74491.62,7e-05,74491.91,7e-05,74492.14,7e-05,74492.68,0.32811,74493.06,0.09682,74493.4,7e-05,74494.69,0.36272,74495.03,7e-05,74495.19,0.48566,74495.2,0.28928,74495.61,1.29388,74495.93,0.00028,74495.98,0.00747,74496.6,0.003,74497.06,0.002,74497.33,0.40302,74497.34,2.61897,74497.91,0.0002
2026-03-17 04:03:50.411360+00:00,1773720230411,74485.58,0.23451,74485.57,0.00078,74484.58,0.00171,74484.57,0.00702,74484.56,7e-05,74484.48,7e-05,74484.47,7e-05,74484.41,0.00016,74484.4,0.44317,74484.36,0.00035,74483.88,0.01062,74483.12,7e-05,74481.95,0.00079,74481.57,0.00012,74481.49,0.00379,74481.45,0.00077,74481.35,0.00016,74481.34,0.02128,74481.2,7e-05,74481.19,7e-05,74485.59,3.96461,74485.6,0.00016,74485.84,0.002,74486.23,0.32134,74486.24,0.09689,74487.65,7e-05,74487.66,1.00021,74487.67,0.00282,74487.71,0.002,74488.05,7e-05,74488.33,0.00028,74488.59,7e-05,74489.08,7e-05,74489.58,0.002,74489.93,0.0002,74490.41,1.04285,74490.42,7e-05,74491.36,2.61913,74491.37,1.00021,74491.38,0.00164
2026-03-17 04:03:51.676653+00:00,1773720231676,74485.58,1.2995,74485.57,0.00106,74484.58,0.00016,74484.57,0.00702,74484.56,7e-05,74484.48,7e-05,74484.47,7e-05,74484.42,0.00016,74484.41,0.14484,74484.4,0.44317,74484.36,0.00035,74483.88,0.01062,74483.72,7e-05,74481.95,0.00079,74481.57,0.00012,74481.49,0.00379,74481.45,0.00077,74481.34,0.02136,74481.19,7e-05,74480.93,0.003,74485.59,1.10198,74485.6,0.00016,74485.88,0.00023,74485.89,0.00757,74486.22,0.00023,74486.23,0.02307,74486.69,7e-05,74486.7,0.00023,74486.71,0.07353,74487.67,0.00014,74488.05,7e-05,74488.25,0.00028,74488.59,7e-05,74488.74,0.00016,74488.75,0.09682,74489.07,7e-05,74489.08,7e-05,74489.58,0.002,74489.93,0.0002,74490.4,8e-05
2026-03-17 04:03:52.942068+00:00,1773720232942,74485.58,1.1912,74485.57,0.00159,74484.58,0.00016,74484.57,0.00702,74484.56,7e-05,74484.48,7e-05,74484.47,7e-05,74484.42,0.00016,74484.41,0.1449,74484.4,0.44317,74484.36,0.00035,74483.88,0.01062,74483.72,7e-05,74482.31,0.00027,74481.95,0.00079,74481.57,0.00012,74481.49,0.00379,74481.45,0.00077,74481.34,0.02136,74481.19,7e-05,74485.59,1.10457,74485.6,0.00044,74485.88,0.00023,74485.89,0.00757,74486.22,0.00023,74486.23,0.04939,74486.46,0.00369,74486.69,7e-05,74486.7,0.00023,74486.71,0.0736,74487.11,0.00016,74487.12,0.09682,74487.44,7e-05,74487.67,0.00014,74488.05,7e-05,74488.59,7e-05,74488.74,0.00016,74488.75,0.09682,74489.07,7e-05,74489.08,7e-05
2026-03-17 04:03:54.206979+00:00,1773720234206,74485.58,0.30037,74485.57,0.00159,74484.58,0.0004,74484.57,0.00702,74484.56,7e-05,74484.48,7e-05,74484.47,7e-05,74484.36,0.00035,74483.72,7e-05,74482.92,0.0107,74482.12,0.00023,74482.11,0.44311,74481.95,0.00079,74481.57,0.00012,74481.49,0.00379,74481.45,0.00077,74481.19,7e-05,74480.93,0.003,74480.91,7e-05,74480.61,7e-05,74485.59,1.33192,74485.6,0.00016,74485.89,0.00757,74486.23,0.04939,74486.46,0.00369,74486.69,7e-05,74486.71,0.07353,74487.12,0.09689,74487.44,7e-05,74487.67,0.00014,74487.71,0.002,74488.05,7e-05,74488.25,0.00028,74488.59,7e-05,74489.07,7e-05,74489.08,7e-05,74489.58,0.002,74489.93,0.0002,74490.4,0.12215,74490.41,1.04285
2026-03-17 04:03:55.474668+00:00,1773720235474,74484.06,0.82322,74484.05,0.00071,74482.78,0.00023,74482.77,0.01077,74482.23,7e-05,74481.95,0.00079,74481.63,7e-05,74481.57,0.00012,74481.49,0.00379,74481.45,0.00077,74481.19,7e-05,74480.93,0.003,74480.91,7e-05,74480.61,7e-05,74480.34,0.00023,74480.33,0.02097,74480.3,0.0042,74479.98,7e-05,74479.7,7e-05,74479.56,7e-05,74484.07,4.31824,74484.08,0.00016,74484.36,0.00016,74484.37,0.0953,74484.48,7e-05,74485.56,0.00016,74485.57,0.29213,74485.58,0.8991,74485.59,0.07831,74485.84,0.002,74485.89,0.00757,74486.23,7e-05,74486.46,0.00369,74486.69,7e-05,74486.71,0.0736,74487.12,7e-05,74487.67,0.00014,74487.71,0.002,74488.05,7e-05,74488.46,0.00028
2026-03-17 04:03:56.739156+00:00,1773720236739,74484.06,0.87399,74484.05,0.00083,74482.78,0.00023,74482.77,0.01077,74482.23,7e-05,74481.95,0.00079,74481.57,0.00012,74481.49,0.00379,74481.45,0.00077,74481.19,7e-05,74480.93,0.003,74480.91,7e-05,74480.61,7e-05,74480.34,7e-05,74480.33,8e-05,74480.32,0.00016,74480.31,0.02098,74480.3,0.0042,74479.98,7e-05,74479.7,7e-05,74484.07,3.94932,74484.08,0.00016,74484.37,0.0953,74484.48,7e-05,74485.57,0.29197,74485.58,0.89894,74485.59,0.00831,74485.84,0.002,74485.89,0.00757,74485.95,7e-05,74486.23,7e-05,74486.46,0.00369,74486.69,7e-05,74486.71,0.0736,74487.12,7e-05,74487.67,0.00014,74487.71,0.002,74488.05,7e-05,74488.46,0.00028,74488.59,7e-05
2026-03-17 04:03:58.008069+00:00,1773720238008,74484.06,0.63936,74484.05,0.0009,74481.95,0.00079,74481.57,0.00012,74481.52,0.00023,74481.51,0.01067,74481.49,0.00379,74481.45,0.00077,74481.19,7e-05,74480.93,0.003,74480.91,7e-05,74480.61,7e-05,74480.3,0.0042,74479.98,7e-05,74479.7,7e-05,74479.56,7e-05,74479.19,0.00309,74478.67,0.00016,74478.66,0.02202,74478.54,8e-05,74484.07,3.77572,74484.08,0.01432,74484.17,0.00016,74484.37,0.0953,74484.48,7e-05,74485.57,0.29197,74485.58,0.89894,74485.59,0.00831,74485.84,0.002,74485.89,0.00757,74485.95,7e-05,74486.23,7e-05,74486.46,0.00316,74486.69,7e-05,74486.71,0.0736,74487.12,7e-05,74487.67,0.00014,74487.71,0.002,74488.05,7e-05,74488.46,0.00028
2026-03-17 04:03:59.273496+00:00,1773720239273,74484.06,0.54153,74484.05,0.0009,74483.72,0.00033,74481.95,0.00079,74481.63,7e-05,74481.57,0.00012,74481.52,0.00023,74481.51,0.01067,74481.49,0.00379,74481.45,0.00077,74481.19,7e-05,74480.93,0.003,74480.91,7e-05,74480.61,7e-05,74480.3,0.0042,74479.98,7e-05,74479.7,7e-05,74479.56,7e-05,74479.19,0.00309,74478.67,0.00016,74484.07,3.8876,74484.08,0.01432,74484.17,0.00016,74484.37,0.0953,74484.48,7e-05,74485.57,0.29197,74485.58,0.89894,74485.59,0.00164,74485.84,0.002,74485.89,0.00757,74485.95,7e-05,74486.23,7e-05,74486.46,0.00315,74486.71,0.0736,74487.67,0.00014,74487.71,0.002,74488.05,7e-05,74488.06,0.01072,74488.39,0.09193,74488.46,0.00028
2026-03-17 04:04:00.539218+00:00,1773720240539,74484.06,1.73171,74484.05,0.00027,74483.97,0.002,74483.72,0.00026,74482.1,0.002,74481.95,0.00079,74481.63,7e-05,74481.57,0.00012,74481.49,0.00379,74481.45,0.00077,74481.19,0.00072,74480.93,0.003,74480.91,7e-05,74480.81,0.01058,74480.61,7e-05,74480.3,0.0042,74480.23,0.002,74479.98,7e-05,74479.7,7e-05,74479.56,7e-05,74484.07,0.66904,74484.08,0.01488,74484.17,0.00016,74484.35,7e-05,74484.36,0.00023,74484.37,0.00023,74484.48,7e-05,74485.56,7e-05,74485.57,0.0003,74485.58,0.01265,74485.59,0.00027,74485.88,7e-05,74485.89,0.00757,74485.95,7e-05,74486.23,7e-05,74486.46,0.00315,74486.7,0.05173,74486.71,0.07367,74487.28,0.00016,74487.29,0.00016
2026-03-17 04:04:01.804780+00:00,1773720241804,74459.42,0.20749,74459.41,0.00078,74458.17,8e-05,74458.16,0.00016,74458.0,0.0012,74457.63,7e-05,74457.02,0.00028,74456.93,7e-05,74456.78,0.003,74456.42,7e-05,74456.41,0.00023,74456.4,0.01059,74456.28,7e-05,74456.0,0.0012,74455.92,7e-05,74455.72,0.0001,74455.53,7e-05,74455.39,0.00203,74455.26,8e-05,74454.56,0.00383,74459.43,4.36246,74459.5,0.00016,74459.66,0.002,74460.26,0.3627,74461.38,0.00779,74461.53,0.002,74461.98,0.25452,74461.99,0.81216,74462.0,1.00699,74462.01,0.09207,74463.06,7e-05,74463.4,0.002,74463.74,7e-05,74463.99,0.04016,74464.0,2.61935,74464.01,0.00804,74465.21,0.05,74465.27,0.002,74465.59,0.02159,74465.95,0.01069
2026-03-17 04:04:03.068379+00:00,1773720243068,74446.83,0.49329,74446.82,0.00071,74446.01,0.00023,74446.0,0.03414,74445.21,7e-05,74445.09,7e-05,74444.0,0.0016,74443.62,8e-05,74443.31,7e-05,74443.22,7e-05,74442.94,0.00413,74442.86,0.00023,74442.85,0.17115,74442.8,0.00016,74442.79,0.44342,74442.78,8e-05,74442.75,0.003,74442.16,0.00011,74442.13,0.00014,74442.0,0.0016,74446.84,2.065,74446.85,0.00016,74446.86,0.06775,74448.78,7e-05,74449.52,1.09385,74449.53,7e-05,74449.54,0.4838,74450.0,3.17765,74450.01,7e-05,74450.31,0.00207,74450.32,7e-05,74451.79,7e-05,74452.04,7e-05,74452.18,0.002,74452.35,7e-05,74452.36,0.00035,74453.08,0.43149,74453.09,0.40309,74453.1,0.48359,74453.11,7e-05
2026-03-17 04:04:04.333912+00:00,1773720244333,74446.83,0.31659,74446.82,0.00078,74446.01,0.00023,74446.0,0.03414,74445.21,7e-05,74445.09,7e-05,74444.0,0.0016,74443.62,8e-05,74443.31,7e-05,74443.22,7e-05,74442.94,0.00413,74442.86,7e-05,74442.85,7e-05,74442.8,7e-05,74442.79,7e-05,74442.78,8e-05,74442.75,0.003,74442.16,0.00011,74442.13,0.00014,74442.0,0.0016,74446.84,2.07389,74446.85,0.00016,74446.86,0.06789,74448.44,0.002,74448.68,7e-05,74448.77,0.00687,74448.78,7e-05,74449.03,0.07346,74449.52,1.09385,74449.53,7e-05,74449.54,0.4838,74450.0,3.17765,74450.01,7e-05,74450.31,0.00214,74450.32,7e-05,74451.79,7e-05,74452.04,7e-05,74452.06,0.003,74452.18,0.002,74452.35,7e-05
2026-03-17 04:04:05.600477+00:00,1773720245600,74439.66,0.40179,74439.65,0.00064,74438.07,7e-05,74438.0,0.0016,74437.8,8e-05,74437.53,0.003,74437.51,7e-05,74437.5,8e-05,74437.2,0.00015,74436.33,0.00206,74436.27,7e-05,74436.26,7e-05,74436.0,0.0016,74434.9,7e-05,74434.89,8e-05,74434.63,0.00023,74434.62,0.05008,74434.5,7e-05,74434.31,0.00028,74434.0,0.0016,74439.67,3.14741,74439.68,0.00016,74439.75,0.00014,74439.98,0.56194,74440.0,0.00036,74440.01,0.09696,74440.43,7e-05,74440.44,7e-05,74440.68,0.07353,74440.96,0.002,74441.64,0.00014,74441.65,0.88645,74442.8,7e-05,74442.83,0.002,74442.86,7e-05,74443.63,0.11399,74443.98,7e-05,74443.99,1.28441,74444.0,2.83013,74444.01,0.31596
2026-03-17 04:04:06.868624+00:00,1773720246868,74440.67,1.61585,74440.66,0.00042,74440.42,0.00014,74439.98,0.00016,74439.97,0.01052,74439.82,0.00618,74439.76,0.00016,74439.75,0.44328,74439.74,7e-05,74438.07,7e-05,74437.82,0.00016,74437.81,0.02182,74436.24,0.01093,74436.01,0.00016,74436.0,0.13823,74435.35,0.002,74435.06,0.00135,74434.89,8e-05,74434.88,0.00952,74434.63,0.01518,74440.68,1.11788,74440.69,0.00051,74441.62,7e-05,74441.63,0.00666,74441.64,0.00014,74441.97,7e-05,74442.8,7e-05,74443.5,0.00016,74443.51,0.00777,74443.62,7e-05,74443.63,0.00014,74443.98,7e-05,74443.99,0.00023,74444.0,0.11967,74444.01,0.10985,74444.67,0.00028,74444.7,0.002,74444.89,0.003,74444.97,0.00016,74444.98,0.09682
2026-03-17 04:04:08.134425+00:00,1773720248134,74440.67,1.60878,74440.66,0.00058,74440.42,0.00014,74439.98,0.00016,74439.97,0.01052,74439.82,0.00618,74439.76,0.00016,74439.75,0.44328,74439.74,7e-05,74438.07,7e-05,74437.82,0.00016,74437.81,0.02182,74436.24,0.01093,74436.01,0.00016,74436.0,0.13823,74435.35,0.002,74435.06,0.00135,74434.89,8e-05,74434.88,0.00952,74434.63,0.01518,74440.68,1.10803,74440.69,0.00058,74441.62,7e-05,74441.63,0.00666,74441.64,0.00014,74441.97,7e-05,74442.58,0.00016,74442.59,0.02919,74442.6,0.09682,74442.8,7e-05,74443.51,0.00777,74443.62,7e-05,74443.63,0.00014,74443.98,7e-05,74443.99,7e-05,74444.0,0.23081,74444.01,0.10985,74444.67,0.00028,74444.7,0.002,74444.89,0.003
2026-03-17 04:04:09.399128+00:00,1773720249399,74432.26,1.75984,74432.25,0.00042,74432.0,0.0016,74431.98,8e-05,74431.95,0.00016,74431.82,0.00028,74431.62,8e-05,74431.19,0.003,74430.93,7e-05,74430.49,0.00413,74430.0,0.0016,74429.78,0.0031,74429.23,0.003,74429.07,8e-05,74428.0,0.0016,74427.9,0.01072,74427.61,0.00135,74427.36,7e-05,74426.65,7e-05,74426.62,7e-05,74432.27,0.61268,74432.28,0.00016,74433.48,9e-05,74433.52,0.00023,74433.53,0.03555,74433.54,0.11571,74433.55,0.00974,74434.5,7e-05,74434.9,7e-05,74435.35,0.002,74435.4,7e-05,74435.97,0.61341,74435.98,8e-05,74435.99,0.00016,74436.0,0.00016,74436.01,0.64235,74436.02,0.00021,74436.2,0.09666,74437.09,0.01074,74437.19,7e-05
2026-03-17 04:04:10.668155+00:00,1773720250668,74446.81,1.91758,74446.8,0.00049,74446.57,0.00016,74446.56,0.44338,74445.21,7e-05,74443.3,0.00016,74443.26,7e-05,74443.15,0.01055,74442.83,0.002,74441.64,7e-05,74441.59,0.003,74440.96,0.00209,74440.71,8e-05,74440.28,0.03929,74440.27,0.11403,74440.26,0.00625,74440.03,0.01059,74439.73,7e-05,74439.38,0.00135,74439.29,0.00028,74446.82,1.082,74446.83,0.03848,74446.84,0.11171,74448.36,8e-05,74448.44,9e-05,74448.78,7e-05,74449.03,7e-05,74449.44,8e-05,74449.49,0.00206,74450.05,0.09666,74450.08,7e-05,74450.09,0.01069,74450.31,7e-05,74450.36,0.00011,74451.53,7e-05,74451.82,0.09666,74452.06,0.003,74452.12,0.00028,74452.18,0.002,74452.22,7e-05
2026-03-17 04:04:11.933961+00:00,1773720251933,74446.81,1.80383,74446.8,0.05035,74446.76,0.00016,74446.75,0.05,74446.58,0.00016,74446.57,0.13251,74446.56,0.44338,74445.21,7e-05,74444.7,0.002,74444.36,7e-05,74443.26,7e-05,74443.15,0.01055,74442.83,0.002,74441.64,7e-05,74441.59,0.003,74441.1,0.02134,74440.96,0.00209,74440.71,8e-05,74440.28,0.06439,74440.27,0.1141,74446.82,0.67667,74446.83,0.00095,74446.84,0.11164,74448.36,8e-05,74448.44,9e-05,74448.78,7e-05,74449.03,7e-05,74449.44,8e-05,74449.49,0.00206,74450.13,7e-05,74450.14,0.00016,74450.29,0.00782,74450.31,7e-05,74450.36,0.00011,74451.53,7e-05,74451.81,0.00023,74451.82,0.09696,74452.03,0.01047,74452.06,0.003,74452.12,0.00028
2026-03-17 04:04:13.204175+00:00,1773720253204,74446.81,1.80623,74446.8,0.05035,74446.76,0.00016,74446.75,0.05,74446.57,0.00016,74446.56,0.44338,74445.41,0.01083,74445.21,7e-05,74444.7,0.002,74444.36,7e-05,74443.26,7e-05,74443.15,0.01055,74443.04,0.02115,74442.83,0.002,74441.64,7e-05,74441.59,0.003,74441.1,0.02134,74440.96,0.00209,74440.71,8e-05,74440.29,0.00049,74446.82,0.85547,74446.83,0.03765,74446.84,0.11164,74448.36,8e-05,74448.44,9e-05,74448.62,7e-05,74448.63,0.00783,74448.68,7e-05,74448.78,7e-05,74449.03,7e-05,74449.44,8e-05,74449.49,0.00206,74450.31,7e-05,74450.36,0.00011,74451.53,7e-05,74451.81,0.00023,74451.82,0.09696,74452.06,0.003,74452.12,0.00028,74452.18,0.002
2026-03-17 04:04:14.470572+00:00,1773720254470,74455.36,4.28644,74455.35,0.0003,74454.05,0.002,74453.2,0.05514,74453.19,0.00062,74452.65,0.00066,74452.35,7e-05,74452.18,0.002,74452.05,0.17121,74451.81,7e-05,74451.67,7e-05,74451.52,0.01062,74451.18,0.02165,74450.35,7e-05,74450.31,0.002,74450.3,7e-05,74449.95,7e-05,74449.48,7e-05,74449.04,7e-05,74448.81,0.05624,74455.37,0.43381,74455.38,0.00065,74455.92,7e-05,74456.0,0.00407,74456.92,7e-05,74457.25,0.003,74457.94,0.00011,74458.17,8e-05,74458.57,7e-05,74458.58,7e-05,74459.18,0.00023,74459.19,0.01095,74459.23,0.00013,74459.49,0.00023,74459.5,0.05596,74459.51,0.1713,74459.52,8e-05,74459.73,0.00016,74459.81,7e-05,74459.82,0.00016
2026-03-17 04:04:15.734768+00:00,1773720255734,74458.56,1.14777,74458.55,0.05029,74458.51,0.00016,74458.5,0.05,74456.91,0.0007,74456.89,7e-05,74456.28,7e-05,74455.92,7e-05,74455.38,7e-05,74455.37,0.00023,74455.36,0.02497,74454.48,0.00028,74454.05,0.002,74453.19,0.00014,74452.98,7e-05,74452.35,0.00015,74452.18,0.002,74452.05,0.00021,74451.81,7e-05,74451.18,0.02165,74458.57,1.00778,74458.58,0.00564,74459.23,0.00013,74459.49,0.00014,74459.5,7e-05,74459.51,7e-05,74459.52,8e-05,74459.55,0.00023,74459.56,0.01414,74459.57,0.01106,74459.75,0.00023,74459.76,0.00783,74460.44,0.00016,74460.45,0.0109,74460.87,7e-05,74461.08,8e-05,74461.4,0.00016,74461.41,0.01357,74461.53,0.002,74461.99,0.30185
2026-03-17 04:04:16.997938+00:00,1773720256997,74458.56,0.79449,74458.55,0.05036,74458.51,0.00016,74458.5,0.05,74456.91,0.0007,74456.89,7e-05,74456.03,0.00016,74456.02,0.44326,74455.92,7e-05,74455.38,7e-05,74455.37,7e-05,74455.36,0.00621,74454.32,0.00028,74453.94,0.01074,74453.19,0.00014,74452.98,7e-05,74452.35,0.00015,74452.18,0.002,74452.05,0.00014,74451.81,7e-05,74458.57,1.0186,74458.58,0.00564,74459.23,0.00013,74459.49,0.00014,74459.5,7e-05,74459.51,7e-05,74459.52,8e-05,74459.55,0.00023,74459.56,0.0143,74459.57,0.01106,74459.66,0.002,74459.75,0.00023,74459.76,0.00783,74459.86,7e-05,74460.61,7e-05,74460.87,7e-05,74461.08,8e-05,74461.4,0.00016,74461.41,0.01357,74461.53,0.002
2026-03-17 04:04:18.261218+00:00,1773720258261,74466.42,3.71277,74466.41,0.00028,74465.27,0.002,74465.09,7e-05,74463.72,0.00028,74463.4,0.002,74463.06,7e-05,74462.92,0.02106,74462.83,0.01608,74462.46,7e-05,74462.0,0.00028,74461.78,0.01061,74461.53,0.002,74459.69,0.02126,74459.66,0.002,74459.49,7e-05,74459.48,0.04062,74459.23,0.00012,74459.08,0.09142,74459.07,0.03,74466.43,0.06136,74466.44,0.00086,74466.63,7e-05,74466.9,8e-05,74467.26,7e-05,74467.27,7e-05,74467.28,7e-05,74468.0,0.0006,74468.76,7e-05,74469.79,7e-05,74469.8,0.00023,74469.81,0.00031,74470.0,0.0006,74470.02,0.00023,74470.03,0.0003,74470.2,0.00022,74470.28,0.00016,74470.29,7e-05,74470.33,0.00047,74470.49,0.00016
2026-03-17 04:04:19.526638+00:00,1773720259526,74484.06,2.09635,74484.05,0.00023,74484.0,0.17017,74483.99,0.44309,74483.35,0.01,74482.98,7e-05,74482.1,0.002,74481.63,0.00142,74481.53,7e-05,74481.51,7e-05,74481.32,0.11329,74481.01,7e-05,74480.91,7e-05,74480.52,0.01063,74480.23,0.002,74479.92,0.00028,74479.05,7e-05,74478.84,0.003,74478.61,0.01095,74478.36,0.002,74484.07,0.27721,74484.08,0.02312,74484.17,0.00016,74484.18,0.00014,74484.36,8e-05,74484.48,7e-05,74484.85,0.00137,74485.57,0.00023,74485.58,0.01265,74485.59,0.00013,74485.84,9e-05,74485.95,7e-05,74486.0,0.0016,74486.46,0.00186,74487.27,8e-05,74487.42,8e-05,74488.0,0.0016,74488.05,7e-05,74488.39,0.00028,74489.05,0.00044
2026-03-17 04:04:20.791440+00:00,1773720260791,74484.06,2.07286,74484.05,0.00023,74484.0,0.17017,74483.99,0.44309,74483.35,0.01,74482.98,7e-05,74482.1,0.002,74481.63,0.00135,74481.53,7e-05,74481.51,7e-05,74481.32,0.11329,74481.01,7e-05,74480.91,7e-05,74480.52,0.01063,74480.23,0.002,74479.92,0.00028,74479.05,7e-05,74478.84,0.003,74478.61,0.01153,74478.36,0.002,74484.07,0.38218,74484.08,0.02319,74484.17,0.00016,74484.18,0.00014,74484.36,8e-05,74484.4,0.00137,74484.48,7e-05,74485.57,0.00023,74485.58,0.01265,74485.59,0.00013,74485.84,9e-05,74485.95,7e-05,74486.0,0.0016,74486.1,0.00409,74486.46,0.00186,74487.27,8e-05,74487.42,8e-05,74487.58,7e-05,74488.0,0.0016,74488.05,7e-05
2026-03-17 04:04:22.056662+00:00,1773720262056,74495.99,1.70847,74495.98,0.00016,74495.19,0.00207,74494.9,7e-05,74493.32,0.002,74493.08,0.1134,74492.99,0.00014,74492.05,0.11383,74491.99,7e-05,74491.62,7e-05,74491.45,0.002,74490.0,0.22632,74489.99,0.08014,74489.68,0.15,74489.58,0.002,74489.29,7e-05,74489.28,0.3044,74488.67,0.0105,74488.65,0.02129,74488.55,0.00135,74496.0,0.05468,74496.01,0.00058,74496.95,7e-05,74496.96,7e-05,74497.95,7e-05,74498.0,0.0016,74498.39,0.00137,74498.58,8e-05,74498.76,7e-05,74498.81,0.00408,74498.91,8e-05,74499.3,7e-05,74499.31,0.00014,74499.32,7e-05,74499.51,7e-05,74499.73,0.003,74499.99,7e-05,74500.0,0.0056,74500.34,7e-05,74500.46,8e-05
2026-03-17 04:04:23.320835+00:00,1773720263320,74495.99,1.05537,74495.98,0.00016,74495.73,0.00016,74495.72,0.01092,74495.19,0.00207,74494.9,7e-05,74493.32,0.002,74493.1,0.00016,74493.09,0.00016,74493.08,0.1134,74493.0,0.00016,74492.99,0.03232,74492.05,7e-05,74491.99,7e-05,74491.62,7e-05,74491.45,0.002,74490.79,8e-05,74490.78,0.01341,74490.77,0.003,74490.48,0.01,74496.0,1.69712,74496.01,0.00065,74497.92,0.00407,74498.0,0.0016,74498.58,8e-05,74498.62,0.00023,74498.63,0.00016,74498.76,7e-05,74498.81,0.00408,74498.91,8e-05,74499.05,0.09666,74499.51,7e-05,74499.52,0.00016,74499.66,0.00137,74499.73,0.003,74499.94,0.01074,74499.99,7e-05,74500.0,0.0056,74500.34,7e-05,74500.46,8e-05
2026-03-17 04:04:24.584758+00:00,1773720264584,74488.25,1.0423,74488.24,0.00028,74488.22,0.00023,74488.21,0.10462,74488.2,0.01062,74488.05,7e-05,74487.99,7e-05,74487.27,8e-05,74486.98,0.00016,74486.97,0.05,74486.7,7e-05,74486.23,0.00016,74486.22,0.44301,74485.99,7e-05,74485.98,0.02192,74484.56,7e-05,74484.55,8e-05,74484.54,0.17107,74484.51,0.00604,74484.48,7e-05,74488.26,1.40571,74488.27,0.00016,74489.31,0.00016,74489.32,0.02919,74489.33,0.09682,74491.62,7e-05,74491.97,0.00016,74491.98,1.10648,74491.99,0.00023,74492.0,0.22231,74493.09,0.00015,74493.1,0.11406,74493.32,0.00217,74493.33,0.48373,74494.7,0.01085,74494.72,0.0503,74494.89,0.02013,74494.91,3.02183,74495.03,7e-05,74495.19,0.00207
2026-03-17 04:04:25.848609+00:00,1773720265848,74495.65,0.51759,74495.64,0.00056,74495.19,7e-05,74495.14,0.00278,74494.9,7e-05,74491.62,0.0003,74491.61,0.1153,74490.43,0.00406,74489.58,0.002,74489.34,0.00014,74489.33,7e-05,74489.32,0.0014,74489.31,7e-05,74488.51,7e-05,74488.26,0.00023,74488.25,0.42176,74488.22,0.00016,74488.21,0.10448,74488.2,0.18162,74488.05,7e-05,74495.66,1.4864,74495.67,0.00016,74495.68,0.44381,74495.69,0.88652,74495.7,7e-05,74495.71,7e-05,74495.84,0.00011,74495.87,0.09682,74496.0,0.0065,74496.77,0.00016,74497.06,0.002,74497.41,7e-05,74497.46,7e-05,74497.92,0.00407,74498.0,0.0016,74498.01,7e-05,74498.58,8e-05,74498.76,7e-05,74498.81,0.00408,74498.91,8e-05
2026-03-17 04:04:27.119339+00:00,1773720267119,74495.65,0.91541,74495.64,0.00021,74495.19,7e-05,74494.9,7e-05,74493.93,0.00023,74493.92,0.44296,74493.79,0.00016,74493.78,0.05,74492.74,0.00278,74492.06,7e-05,74491.62,0.0003,74491.61,0.11537,74490.43,0.00503,74489.34,0.00014,74489.33,7e-05,74489.32,0.00125,74489.31,7e-05,74488.51,7e-05,74488.26,0.21115,74488.25,0.41986,74495.66,1.46388,74495.67,0.00046,74495.68,0.27717,74495.69,7e-05,74495.7,7e-05,74495.71,7e-05,74495.84,0.00011,74495.87,7e-05,74496.0,0.0065,74497.06,0.002,74497.13,7e-05,74497.41,7e-05,74497.46,7e-05,74497.79,0.00016,74497.8,0.09682,74497.92,0.00407,74498.0,0.0016,74498.58,8e-05,74498.7,0.0109,74498.76,7e-05
2026-03-17 04:04:28.384820+00:00,1773720268384,74495.65,0.70853,74495.64,0.00021,74495.19,7e-05,74494.9,7e-05,74492.74,0.00278,74492.06,7e-05,74491.92,7e-05,74491.91,7e-05,74491.79,0.00016,74491.78,0.44297,74491.63,0.00016,74491.62,0.0503,74491.61,0.11537,74490.43,0.00503,74489.84,0.00012,74489.83,0.00014,74489.58,0.002,74489.34,0.00014,74489.33,7e-05,74489.32,0.00125,74495.66,1.22683,74495.67,0.00037,74495.68,0.00014,74495.69,7e-05,74495.7,7e-05,74495.71,7e-05,74495.84,0.00011,74495.87,7e-05,74495.97,0.00016,74495.98,0.0109,74496.0,0.0065,74496.14,0.00016,74496.15,0.09682,74497.06,0.002,74497.13,7e-05,74497.41,7e-05,74497.46,7e-05,74497.8,7e-05,74497.92,0.00407,74498.0,0.0016
2026-03-17 04:04:29.650057+00:00,1773720269650,74479.92,0.25172,74479.91,0.00063,74479.5,0.00204,74478.84,0.00343,74478.62,7e-05,74478.61,0.00065,74478.54,8e-05,74477.55,7e-05,74477.54,0.00023,74477.53,0.09487,74477.34,7e-05,74476.66,7e-05,74476.61,7e-05,74476.32,0.00023,74476.31,0.10448,74476.26,8e-05,74475.63,8e-05,74475.17,0.00016,74475.16,0.02095,74474.6,0.00034,74479.93,3.44024,74479.94,0.00016,74480.6,0.00016,74480.61,0.37071,74480.62,0.88652,74480.72,0.04095,74480.73,7e-05,74480.91,0.00023,74480.92,0.10161,74481.1,0.05016,74481.2,7e-05,74481.45,0.00016,74481.46,0.22826,74482.09,0.00687,74482.1,0.002,74483.11,7e-05,74483.97,0.002,74484.37,0.34958,74484.48,7e-05,74484.49,7e-05
2026-03-17 04:04:30.913999+00:00,1773720270913,74480.64,3.08676,74480.63,0.21054,74480.23,0.002,74479.94,0.04566,74479.93,7e-05,74479.92,0.03185,74479.5,0.00204,74479.25,7e-05,74478.84,0.00343,74478.61,0.00065,74478.54,8e-05,74478.5,7e-05,74478.36,0.002,74477.83,0.0002,74477.76,7e-05,74477.53,0.09508,74477.36,0.01056,74477.34,7e-05,74476.66,7e-05,74476.61,7e-05,74480.65,0.05614,74480.66,0.00016,74480.73,7e-05,74480.91,7e-05,74481.2,7e-05,74481.46,7e-05,74482.82,0.00137,74483.11,7e-05,74484.36,7e-05,74484.37,0.0069,74484.48,7e-05,74484.49,7e-05,74485.15,0.003,74485.22,7e-05,74485.98,7e-05,74485.99,7e-05,74487.19,0.00023,74487.2,0.03106,74487.21,0.10152,74487.27,8e-05
2026-03-17 04:04:32.180069+00:00,1773720272180,74487.19,1.48973,74487.18,0.00021,74484.48,7e-05,74483.97,0.002,74482.1,0.002,74481.19,7e-05,74480.91,0.03058,74480.9,0.10222,74480.64,0.15136,74480.63,0.11383,74480.61,7e-05,74480.53,0.00028,74480.23,0.002,74479.93,7e-05,74479.92,0.03185,74479.76,0.00135,74479.74,0.171,74479.5,0.00204,74478.84,0.00343,74478.61,0.00065,74487.2,0.98028,74487.21,0.10196,74487.27,8e-05,74487.39,7e-05,74487.66,7e-05,74488.05,7e-05,74488.17,7e-05,74488.18,0.00798,74488.26,0.00011,74488.41,0.00016,74488.42,0.05533,74488.43,7e-05,74488.44,7e-05,74488.5,7e-05,74488.71,0.00023,74488.72,0.09703,74488.93,7e-05,74489.35,0.00016,74489.36,0.09683,74490.18,8e-05
2026-03-17 04:04:33.446136+00:00,1773720273446,74487.19,0.25523,74487.18,0.00073,74484.93,0.00016,74484.92,0.44302,74484.61,7e-05,74484.48,7e-05,74484.09,0.00034,74482.82,7e-05,74482.81,0.01088,74481.19,7e-05,74480.92,7e-05,74480.91,0.0003,74480.9,0.10222,74480.65,0.00035,74480.64,0.00036,74480.63,7e-05,74480.61,7e-05,74480.23,0.002,74479.93,0.00023,74479.92,0.03185,74487.2,1.13516,74487.21,0.10175,74487.27,8e-05,74487.39,7e-05,74487.66,7e-05,74487.71,0.002,74488.05,7e-05,74488.18,0.00798,74488.26,0.00011,74488.44,7e-05,74488.5,7e-05,74488.72,0.00014,74488.93,7e-05,74489.58,0.002,74490.18,8e-05,74490.37,0.003,74490.56,7e-05,74491.44,0.0707,74491.45,0.12255,74491.61,0.11396
2026-03-17 04:04:34.711200+00:00,1773720274711,74487.19,1.51649,74487.18,0.00073,74486.69,0.0004,74486.68,0.443,74485.96,7e-05,74485.22,0.00016,74485.21,0.04383,74484.61,7e-05,74484.48,7e-05,74484.09,0.00034,74483.97,0.002,74482.81,0.01088,74482.1,0.002,74482.09,0.00016,74482.08,0.02156,74480.91,0.00023,74480.9,0.10229,74480.65,0.00028,74480.64,0.00029,74480.63,7e-05,74487.2,0.96953,74487.21,0.1021,74487.23,0.00016,74487.24,0.04874,74487.25,0.05016,74487.27,8e-05,74487.29,0.00016,74487.39,7e-05,74487.66,7e-05,74488.05,7e-05,74488.17,7e-05,74488.18,0.00798,74488.26,0.00011,74488.44,7e-05,74488.5,7e-05,74488.72,0.00014,74488.93,7e-05,74490.18,8e-05,74490.37,0.003,74490.51,0.00016
2026-03-17 04:04:35.976105+00:00,1773720275976,74487.19,1.68692,74487.18,0.00028,74486.69,0.00016,74486.68,0.443,74485.96,0.00091,74485.22,0.00016,74485.21,0.0439,74484.48,7e-05,74484.09,0.00034,74483.97,0.002,74482.81,0.01088,74482.1,0.002,74482.09,0.03716,74482.08,0.02156,74480.91,7e-05,74480.9,0.10229,74480.65,0.00028,74480.64,0.00029,74480.63,7e-05,74480.61,7e-05,74487.2,0.9219,74487.21,0.10217,74487.23,0.00016,74487.24,0.01983,74487.25,0.05023,74487.27,8e-05,74487.29,0.00016,74487.39,7e-05,74487.66,7e-05,74488.05,7e-05,74488.17,7e-05,74488.18,0.00798,74488.26,0.00011,74488.44,7e-05,74488.5,7e-05,74488.72,0.00014,74488.93,7e-05,74490.18,8e-05,74490.37,0.003,74490.52,7e-05
2026-03-17 04:04:37.240604+00:00,1773720277240,74487.19,1.71892,74486.69,0.14625,74486.68,0.44314,74485.96,0.00091,74485.84,0.00208,74485.21,7e-05,74484.48,7e-05,74484.09,0.00034,74483.97,0.002,74482.81,0.01088,74482.1,0.002,74482.09,0.06999,74482.08,0.02156,74481.48,0.12,74480.91,7e-05,74480.9,0.10236,74480.65,0.00028,74480.64,0.00029,74480.63,7e-05,74480.61,7e-05,74487.2,0.1007,74487.21,0.00093,74487.24,0.00023,74487.25,0.05023,74487.27,8e-05,74487.29,0.00016,74487.39,7e-05,74487.66,7e-05,74488.05,7e-05,74488.17,7e-05,74488.18,7e-05,74488.26,0.00011,74488.44,7e-05,74488.5,7e-05,74488.72,0.00014,74488.93,7e-05,74489.46,0.00137,74490.18,8e-05,74490.37,0.003,74490.52,7e-05
2026-03-17 04:04:38.505444+00:00,1773720278505,74487.19,1.82754,74486.69,0.14625,74486.68,0.44314,74485.96,0.00091,74485.84,0.00217,74485.21,7e-05,74484.48,7e-05,74484.09,0.00034,74483.97,0.002,74482.81,0.01088,74482.1,0.002,74482.09,0.06999,74482.08,0.02156,74481.48,0.12,74480.91,7e-05,74480.9,0.10236,74480.65,0.00028,74480.64,0.00029,74480.63,7e-05,74480.61,7e-05,74487.2,0.30275,74487.21,0.00093,74487.24,0.00023,74487.25,0.05016,74487.27,8e-05,74487.29,0.00016,74487.39,7e-05,74487.66,7e-05,74488.05,7e-05,74488.26,0.00011,74488.44,7e-05,74488.5,7e-05,74488.72,0.00014,74488.93,7e-05,74490.18,8e-05,74490.37,0.003,74490.52,7e-05,74490.56,7e-05,74491.62,7e-05,74492.44,7e-05
2026-03-17 04:04:39.771440+00:00,1773720279771,74490.36,3.70954,74489.58,0.002,74488.05,7e-05,74487.71,0.002,74487.66,0.10868,74487.65,0.10019,74487.43,0.11376,74487.38,7e-05,74487.24,0.20373,74487.19,0.0176,74486.81,0.02104,74486.68,0.00021,74486.13,0.00147,74485.96,7e-05,74485.84,0.00209,74485.21,7e-05,74484.67,0.10753,74484.56,7e-05,74484.48,7e-05,74484.09,0.00034,74490.37,0.2566,74490.38,0.00051,74490.52,7e-05,74490.57,0.00137,74491.62,7e-05,74492.44,7e-05,74492.59,7e-05,74492.6,7e-05,74493.0,8e-05,74493.09,8e-05,74493.14,0.00023,74493.15,0.17207,74493.16,0.48356,74493.51,0.02476,74493.54,7e-05,74493.79,0.00016,74494.66,7e-05,74494.98,0.00407,74495.19,7e-05,74495.31,7e-05
2026-03-17 04:04:41.040180+00:00,1773720281040,74490.36,3.42801,74489.58,0.002,74488.94,7e-05,74488.05,0.00149,74487.71,0.002,74487.66,0.15543,74487.65,0.09953,74487.43,0.11376,74487.38,7e-05,74487.24,0.20373,74487.19,0.0176,74486.81,0.02104,74486.68,0.00014,74486.13,0.0002,74485.84,0.00209,74485.14,0.003,74484.56,7e-05,74484.48,7e-05,74484.36,8e-05,74484.09,0.00034,74490.37,0.19525,74490.38,0.00051,74491.62,7e-05,74492.44,7e-05,74492.5,0.00137,74492.59,7e-05,74492.6,7e-05,74493.0,8e-05,74493.09,8e-05,74493.13,7e-05,74493.14,7e-05,74493.15,7e-05,74493.16,7e-05,74493.49,7e-05,74493.5,0.00023,74493.51,0.02476,74493.54,7e-05,74493.78,0.03355,74493.79,0.00016,74494.66,7e-05
2026-03-17 04:04:42.318768+00:00,1773720282318,74490.36,2.7348,74489.58,0.002,74489.11,0.00016,74489.1,0.01083,74488.94,7e-05,74488.05,0.00149,74487.71,0.00208,74487.66,0.00016,74487.65,0.09953,74487.44,0.00016,74487.43,0.11376,74487.38,7e-05,74487.25,0.00016,74487.24,0.20373,74487.19,0.01753,74486.82,8e-05,74486.81,0.02104,74486.68,0.00014,74486.13,0.0002,74485.84,0.00209,74490.37,0.84534,74490.38,0.00065,74491.59,0.00016,74491.6,0.28038,74491.61,0.03371,74491.62,7e-05,74491.91,7e-05,74492.44,7e-05,74492.5,0.00137,74492.59,7e-05,74492.6,7e-05,74493.0,8e-05,74493.09,8e-05,74493.13,7e-05,74493.14,7e-05,74493.15,7e-05,74493.16,7e-05,74493.49,7e-05,74493.5,0.00023,74493.51,0.02476
2026-03-17 04:04:43.588314+00:00,1773720283588,74490.36,0.00216,74490.35,0.00049,74488.94,7e-05,74488.05,0.00149,74487.71,0.00017,74487.38,0.00016,74487.25,7e-05,74487.24,7e-05,74487.2,0.00023,74487.19,0.02383,74486.27,0.00023,74486.26,0.02164,74485.14,0.003,74484.56,7e-05,74484.48,7e-05,74484.36,8e-05,74484.09,0.00034,74482.91,7e-05,74482.49,0.00016,74482.48,0.07071,74490.37,1.27478,74490.38,0.00016,74490.67,0.0969,74491.45,0.002,74491.57,0.00016,74491.58,0.00479,74491.59,0.88645,74491.6,1.1343,74491.62,7e-05,74491.91,7e-05,74492.44,7e-05,74492.5,0.00137,74492.59,7e-05,74492.6,7e-05,74492.82,7e-05,74493.0,8e-05,74493.09,8e-05,74493.16,7e-05,74493.32,0.00209,74493.51,0.02476
